3014 5116
744 187 785 260 34

249 395 347 473 teror

145 518 197 595 41,
223 517 262 580 12
285 516 358 600 Eae
380 538 465 584 auae
487 519 578 585 deam
601 521 750 588 ministra
773 530 803 589 et
828 522 957 610 Cybeles
976 528 1102 609 famula
1122 529 1221 612 ferar.

144 623 195 698 42,
219 624 260 685 26
287 620 367 686 Tam
391 623 535 690 Thetidis
558 623 672 691 Peleus
693 614 852 694 iaceasas¹
860 630 962 712 fertur
984 653 1100 698 amore.

146 728 197 805 60,
222 730 241 790 3
286 727 352 793 Dia
373 729 507 812 ayedaia
530 731 629 806 nolis,
654 752 752 813 quare
773 740 898 799 mutata
913 734 1042 821 feraris

284 831 327 898 Ia
349 833 511 899 (laminam
533 842 664 901 veterem
687 837 862 904 deseruisse
881 840 986 920 fidem.

143 936 194 1013 60,
222 940 259 1000 15
307 982 316 1001 .
340 985 347 999 .
372 985 381 1003 .
402 938 491 1021 virae
514 940 598 1020 qaod
617 940 721 1020 fertur
743 943 864 1007 tradita
886 944 985 1024 nobie,
1008 949 1014 1028 Ι
1033 946 1168 1012 Falsum
1192 955 1248 1014 eet.

142 1041 193 1117 61,
217 1043 258 1103 22
283 1039 336 1105 Aa
357 1061 452 1123 qaam
476 1048 542 1107 tam
563 1064 741 1125 properans
761 1046 866 1127 (erlar
888 1084 931 1094 —
953 1050 1092 1133 aadiqae
1112 1052 1214 1132 pales

282 1144 405 1210 Graeca
421 1147 598 1227 penetralis
619 1148 795 1214 deseruisse
815 1151 913 1231 saeos.

140 1251 191 1328 66,
216 1252 256 1313 25
280 1247 396 1316 Laedil
417 1258 447 1316 te
471 1251 625 1333 quaedam
647 1253 733 1318 mala
754 1255 875 1335 sabula,
899 1278 960 1339 qaa
984 1258 1044 1323 lili
1064 1259 1168 1340 fertur

286 1352 376 1420 Valle
398 1355 458 1420 sal
480 1355 607 1420 alaram
630 1361 703 1421 trae
724 1358 868 1424 habitare
891 1382 993 1443 caper.

139 1461 189 1539 76,
214 1461 232 1522 9
277 1458 457 1525 Firmanus
479 1459 564 1526 salta
587 1481 650 1526 aaa
671 1462 757 1544 salso
782 1465 929 1531 Mealala
952 1467 1039 1532 dives

275 1563 396 1629 Ferlar
397 1609 1049 1644 .............

240 1689 369 1765 videor

138 1814 166 1887 5,
192 1815 232 1874 10
255 1811 307 1875 eal
328 1810 485 1876 videberis
509 1810 609 1888 lella‚·
635 1815 682 1886 12,
710 1816 746 1875 11
773 1813 871 1878 lellus
894 1815 947 1879 llle
979 1827 1007 1882 et
1040 1817 1184 1884 arlelas
1204 1824 1209 1897 Ι
1228 1821 1382 1902 Suffenas

135 1936 220 1981 anas
242 1915 459 1999 caprimalyas
481 1918 539 1978 aal
570 1916 674 1996 fossor
707 1938 823 1983 rarsas
855 1919 985 1982 videtur.
1013 1925 1059 1999 12,
1097 1928 1135 1986 15
1171 1922 1238 1987 Aul
1271 1927 1383 2008 siquid

135 2019 196 2085 lae
218 2041 253 2085 re
275 2021 384 2085 tallias
406 2021 580 2086 aidelalar.
606 2024 656 2094 25,
681 2024 699 2083 6
723 2023 791 2088 Nee
812 2043 950 2103 aequam
980 2023 1089 2087 videar
1118 2031 1208 2090 salar
1235 2029 1377 2107 [αιανας.

136 2129 187 2205 26,
212 2131 230 2190 5
253 2125 319 2190 Ille
341 2125 385 2190 ml
404 2145 469 2208 par
490 2145 557 2191 esse
578 2125 635 2191 elea
658 2127 790 2191 videtur.

656 2337 861 2348 ----.-

586 2457 812 2536 CAPUT
852 2458 916 2533 VI.

196 2615 238 2698 D)
262 2615 318 2682 DE
341 2613 609 2681 NOMINATIVO
634 2614 724 2682 CUM
745 2611 981 2680 INFINlTIVO
1005 2614 1031 2678 Α
1056 2613 1321 2680 GRAECORUM

545 2738 665 2804 MORE
693 2736 959 2803 REPETENDO.

233 2932 337 3010 Locis,
371 2953 452 3014 quos
486 2930 679 3009 adferemuS,
720 2931 952 2996 nominativum
986 2950 1059 2995 cum
1094 2929 1250 2998 infinitivo
1285 2953 1373 2998 more

130 3037 328 3110 Graecorum
352 3041 541 3120 usurpatum
565 3055 635 3100 esse
659 3036 744 3099 inter
768 3055 879 3099 omnes
902 3040 1038 3099 constat.
1062 3032 1144 3100 Sunt
1175 3042 1283 3101 autem
1318 3036 1374 3100 hi:

234 3145 293 3220 aio

129 3272 157 3346 2,
185 3273 224 3332 16
247 3267 406 3333 Phaselas
427 3266 480 3331 ille
501 3287 591 3349 quem
615 3265 739 3343 videtis,
761 3262 900 3344 hospites

244 3371 304 3442 Aa
324 3372 427 3454 faisse
448 3372 578 3436 naviam
600 3370 782 3436 celerrimas

244 3478 354 3560 Neque
373 3477 471 3542 allias
493 3476 635 3543 aalantls
654 3475 805 3556 impetam
828 3476 931 3542 trabis

246 3583 402 3663 Neqaiese
422 3582 606 3665 praeterire.

229 3687 290 3751 Hic
313 3688 414 3759 loeus,
437 3686 493 3751 ubi
517 3687 715 3751 Graecorum
738 3685 877 3751 imitatio
910 3686 1061 3760 cernitar,
1099 3689 1149 3747 est
1183 3681 1371 3767 antiquissi-

127 3812 203 3856 mus.
228 3791 325 3856 Cuius
348 3791 435 3855 modi
459 3790 607 3873 exempla
642 3813 662 3854 a
699 3789 828 3855 Catullo
863 3810 964 3873 usque
988 3789 1028 3853 ad
1065 3787 1204 3852 Statium
1241 3785 1372 3867 collegit

125 3896 307 3979 Draegerus
331 3902 374 3979 (2,
397 3899 486 3980 458),
500 3918 539 3961 ea
562 3902 680 3976 autem,
704 3915 788 3976 quae
810 3894 865 3959 ille
889 3896 1051 3966 omiserat,
1077 3890 1196 3956 adtulit
1212 3890 1370 3955 Krausius

125 4023 177 4086 op.
201 4002 256 4066 ait.
282 4022 332 4084 pg.
357 4006 409 4068 91.

231 4108 339 4184 audio

125 4235 175 4310 65,
199 4236 217 4295 2
245 4232 335 4312 Qaael
357 4230 516 4314 quondam
540 4229 642 4295 eaesis
664 4228 780 4294 azaelis
799 4228 921 4309 [odisse
942 4225 1088 4292 medullis

240 4335 344 4402 Aaelit
364 4335 563 4417 falsiparens
587 4331 901 4415 Amphitryoniades.

193 4517 195 4521 y
225 4440 294 4507 Hoc
318 4440 390 4507 loco
412 4445 543 4504 verbum
576 4438 727 4503 audiendi
762 4437 846 4501 idem
889 4435 976 4500 valet
1008 4432 1095 4519 quod
1130 4431 1228 4509 (licor,
1262 4429 1370 4511 appel·

118 4538 224 4614 leret
257 4567 360 4633 aeque
384 4565 422 4610 aa
456 4543 589 4610 verbum
613 4543 747 4624 elaeaali,
783 4562 888 4626 graec.
917 4538 1061 4621 „laalaa
1091 4540 1271 4599 καλεῖσθαι“
1298 4555 1369 4601 cum
