<?xml version="1.0" encoding="UTF-8"?>
<!DOCTYPE html PUBLIC "-//W3C//DTD XHTML 1.0 Transitional//EN"
    "http://www.w3.org/TR/xhtml1/DTD/xhtml1-transitional.dtd">
<html xmlns="http://www.w3.org/1999/xhtml" xml:lang="en" lang="en">
 <head>
  <title>
</title>
<meta http-equiv="Content-Type" content="text/html;charset=utf-8" />
  <meta name='ocr-system' content='tesseract 3.04.00' />
  <meta name='ocr-capabilities' content='ocr_page ocr_carea ocr_par ocr_line ocrx_word'/>
</head>
<body>
  <div class='ocr_page' id='page_1' title='image "./deinfinitiviapu00bedngoog_0022.png"; bbox 0 0 3014 5116; ppageno 0'>
   <div class='ocr_carea' id='block_1_1' title="bbox 740 212 779 274">
    <p class='ocr_par' dir='ltr' id='par_1_1' title="bbox 740 212 779 274">
     <span class='ocr_line' id='line_1_1' title="bbox 740 212 779 274; baseline 0 0"><span class='ocrx_word' id='word_1_1' title='bbox 740 212 779 274; x_wconf 90' lang='grc'>17</span> 
     </span>
    </p>
   </div>
   <div class='ocr_carea' id='block_1_2' title="bbox 126 418 1071 605">
    <p class='ocr_par' dir='ltr' id='par_1_2' title="bbox 126 418 1071 605">
     <span class='ocr_line' id='line_1_2' title="bbox 126 418 843 504; baseline -0.007 -14"><span class='ocrx_word' id='word_1_2' title='bbox 126 430 181 504; x_wconf 90' lang='grc'><strong>74,</strong></span> <span class='ocrx_word' id='word_1_3' title='bbox 207 430 243 489; x_wconf 90' lang='grc'>21</span> <span class='ocrx_word' id='word_1_4' title='bbox 272 423 340 488; x_wconf 85' lang='lat' dir='ltr'>Aut</span> <span class='ocrx_word' id='word_1_5' title='bbox 382 469 390 487; x_wconf 91' lang='lat'><strong>.</strong></span> <span class='ocrx_word' id='word_1_6' title='bbox 435 466 444 485; x_wconf 91' lang='lat'><strong>.</strong></span> <span class='ocrx_word' id='word_1_7' title='bbox 490 466 499 484; x_wconf 83' lang='lat'>.</span> <span class='ocrx_word' id='word_1_8' title='bbox 544 467 553 485; x_wconf 89' lang='lat'><strong>.</strong></span> <span class='ocrx_word' id='word_1_9' title='bbox 598 418 705 484; x_wconf 76' lang='lat' dir='ltr'>desim</span> <span class='ocrx_word' id='word_1_10' title='bbox 728 439 843 501; x_wconf 78' lang='lat' dir='ltr'><strong><em>quaeso</em></strong></span> 
     </span>
     <span class='ocr_line' id='line_1_3' title="bbox 276 523 1071 605; baseline -0.005 -13"><span class='ocrx_word' id='word_1_11' title='bbox 276 528 363 594; x_wconf 79' lang='lat' dir='ltr'>Leno</span> <span class='ocrx_word' id='word_1_12' title='bbox 384 545 452 592; x_wconf 90' lang='lat' dir='ltr'>esse</span> <span class='ocrx_word' id='word_1_13' title='bbox 473 530 570 605; x_wconf 79' lang='lat' dir='ltr'>atque</span> <span class='ocrx_word' id='word_1_14' title='bbox 591 524 673 589; x_wconf 81' lang='lat' dir='ltr'>idem</span> <span class='ocrx_word' id='word_1_15' title='bbox 696 543 811 589; x_wconf 87' lang='lat' dir='ltr'>saeuus</span> <span class='ocrx_word' id='word_1_16' title='bbox 834 527 863 591; x_wconf 89' lang='lat' dir='ltr'>et</span> <span class='ocrx_word' id='word_1_17' title='bbox 885 523 1071 589; x_wconf 78' lang='lat' dir='ltr'>indomitus.</span> 
     </span>
    </p>
   </div>
   <div class='ocr_carea' id='block_1_3' title="bbox 127 652 1376 2248">
    <p class='ocr_par' dir='ltr' id='par_1_3' title="bbox 127 652 812 854">
     <span class='ocr_line' id='line_1_4' title="bbox 234 652 374 728; baseline 0 -3"><span class='ocrx_word' id='word_1_18' title='bbox 234 652 374 728; x_wconf 79' lang='lat' dir='ltr'>desisto</span> 
     </span>
     <span class='ocr_line' id='line_1_5' title="bbox 127 766 812 854; baseline -0.012 -15"><span class='ocrx_word' id='word_1_19' title='bbox 127 779 179 854; x_wconf 82' lang='grc'><strong>65,</strong></span> <span class='ocrx_word' id='word_1_20' title='bbox 208 778 247 837; x_wconf 88' lang='grc'>14</span> <span class='ocrx_word' id='word_1_21' title='bbox 272 770 435 836; x_wconf 82' lang='lat' dir='ltr'>Destitit.</span> <span class='ocrx_word' id='word_1_22' title='bbox 459 815 467 835; x_wconf 92' lang='lat'><strong>.</strong></span> <span class='ocrx_word' id='word_1_23' title='bbox 491 813 500 830; x_wconf 91' lang='lat'>.</span> <span class='ocrx_word' id='word_1_24' title='bbox 524 766 629 850; x_wconf 70' lang='lat' dir='ltr'>iuuere</span> <span class='ocrx_word' id='word_1_25' title='bbox 653 771 812 848; x_wconf 77' lang='lat' dir='ltr'>parentes.</span> 
     </span>
    </p>

    <p class='ocr_par' dir='ltr' id='par_1_4' title="bbox 128 872 649 958">
     <span class='ocr_line' id='line_1_6' title="bbox 128 872 649 958; baseline -0.012 -16"><span class='ocrx_word' id='word_1_26' title='bbox 128 881 227 958; x_wconf 87' lang='grc'><strong>70,4</strong></span> <span class='ocrx_word' id='word_1_27' title='bbox 273 875 340 940; x_wconf 89' lang='lat' dir='ltr'>Nee</span> <span class='ocrx_word' id='word_1_28' title='bbox 363 872 510 939; x_wconf 77' lang='lat' dir='ltr'><strong><em>desistere</em></strong></span> <span class='ocrx_word' id='word_1_29' title='bbox 531 892 649 937; x_wconf 84' lang='lat' dir='ltr'>umere.</span> 
     </span>
    </p>

    <p class='ocr_par' dir='ltr' id='par_1_5' title="bbox 136 967 1376 1271">
     <span class='ocr_line' id='line_1_7' title="bbox 241 967 1375 1062; baseline 0.003 -19"><span class='ocrx_word' id='word_1_30' title='bbox 241 979 288 1043; x_wconf 87' lang='lat' dir='ltr'>De</span> <span class='ocrx_word' id='word_1_31' title='bbox 311 978 375 1042; x_wconf 84' lang='lat' dir='ltr'>huo</span> <span class='ocrx_word' id='word_1_32' title='bbox 397 982 556 1043; x_wconf 77' lang='lat' dir='ltr'><strong>structura</strong></span> <span class='ocrx_word' id='word_1_33' title='bbox 581 974 639 1041; x_wconf 84' lang='lat' dir='ltr'><strong>cfr.</strong></span> <span class='ocrx_word' id='word_1_34' title='bbox 663 976 782 1059; x_wconf 82' lang='lat' dir='ltr'>Drueg.</span> <span class='ocrx_word' id='word_1_35' title='bbox 807 981 835 1057; x_wconf 88' lang='grc'>2,</span> <span class='ocrx_word' id='word_1_36' title='bbox 859 981 933 1058; x_wconf 80' lang='grc'><strong>424,</strong></span> <span class='ocrx_word' id='word_1_37' title='bbox 958 973 975 1040; x_wconf 89' lang='grc'><strong>7</strong></span> <span class='ocrx_word' id='word_1_38' title='bbox 996 975 1039 1060; x_wconf 90' lang='lat' dir='ltr'>d).</span> <span class='ocrx_word' id='word_1_39' title='bbox 1065 967 1228 1062; x_wconf 76' lang='lat' dir='ltr'>Exemplis</span> <span class='ocrx_word' id='word_1_40' title='bbox 1251 970 1293 1045; x_wconf 88' lang='lat' dir='ltr'>ub</span> <span class='ocrx_word' id='word_1_41' title='bbox 1317 975 1375 1046; x_wconf 87' lang='lat' dir='ltr'>illo</span> 
     </span>
     <span class='ocr_line' id='line_1_8' title="bbox 136 1079 1376 1166; baseline 0.001 -16"><span class='ocrx_word' id='word_1_42' title='bbox 136 1083 256 1150; x_wconf 82' lang='lat' dir='ltr'>adlatis</span> <span class='ocrx_word' id='word_1_43' title='bbox 280 1081 479 1164; x_wconf 79' lang='lat' dir='ltr'>adiungimus</span> <span class='ocrx_word' id='word_1_44' title='bbox 500 1080 589 1146; x_wconf 85' lang='lat' dir='ltr'>locos</span> <span class='ocrx_word' id='word_1_45' title='bbox 613 1079 702 1145; x_wconf 83' lang='lat' dir='ltr'>ovid.</span> <span class='ocrx_word' id='word_1_46' title='bbox 738 1081 787 1145; x_wconf 82' lang='lat' dir='ltr'>Ex</span> <span class='ocrx_word' id='word_1_47' title='bbox 810 1082 844 1147; x_wconf 89' lang='lat' dir='ltr'>P.</span> <span class='ocrx_word' id='word_1_48' title='bbox 873 1088 899 1162; x_wconf 89' lang='lat'>1,</span> <span class='ocrx_word' id='word_1_49' title='bbox 930 1087 959 1160; x_wconf 73' lang='grc'><strong>5,</strong></span> <span class='ocrx_word' id='word_1_50' title='bbox 984 1086 1014 1162; x_wconf 84' lang='grc'>3;</span> <span class='ocrx_word' id='word_1_51' title='bbox 1038 1080 1115 1145; x_wconf 85' lang='lat' dir='ltr'>Hor.</span> <span class='ocrx_word' id='word_1_52' title='bbox 1150 1081 1183 1148; x_wconf 83' lang='lat' dir='ltr'>S.</span> <span class='ocrx_word' id='word_1_53' title='bbox 1222 1089 1246 1164; x_wconf 93' lang='grc'><strong>1,</strong></span> <span class='ocrx_word' id='word_1_54' title='bbox 1282 1088 1314 1164; x_wconf 92' lang='grc'><strong>3,</strong></span> <span class='ocrx_word' id='word_1_55' title='bbox 1347 1090 1376 1166; x_wconf 81' lang='lat'>33</span> 
     </span>
     <span class='ocr_line' id='line_1_9' title="bbox 142 1185 541 1271; baseline -0.013 -17"><span class='ocrx_word' id='word_1_56' title='bbox 142 1195 168 1271; x_wconf 97' lang='grc'><strong>1,</strong></span> <span class='ocrx_word' id='word_1_57' title='bbox 194 1193 221 1269; x_wconf 88' lang='lat'>9,</span> <span class='ocrx_word' id='word_1_58' title='bbox 246 1192 297 1266; x_wconf 77' lang='lat'>583</span> <span class='ocrx_word' id='word_1_59' title='bbox 319 1185 418 1269; x_wconf 85' lang='lat' dir='ltr'>Epod.</span> <span class='ocrx_word' id='word_1_60' title='bbox 444 1191 492 1265; x_wconf 90' lang='lat'>11,</span> <span class='ocrx_word' id='word_1_61' title='bbox 512 1191 541 1250; x_wconf 82' lang='lat'>5.</span> 
     </span>
    </p>

    <p class='ocr_par' dir='ltr' id='par_1_6' title="bbox 128 1289 1375 1463">
     <span class='ocr_line' id='line_1_10' title="bbox 239 1289 1375 1378; baseline 0.004 -23"><span class='ocrx_word' id='word_1_62' title='bbox 239 1291 353 1358; x_wconf 82' lang='lat' dir='ltr'><strong><em>Verbis</em></strong></span> <span class='ocrx_word' id='word_1_63' title='bbox 389 1290 516 1356; x_wconf 79' lang='lat' dir='ltr'>eousiiii</span> <span class='ocrx_word' id='word_1_64' title='bbox 552 1289 756 1374; x_wconf 82' lang='lat' dir='ltr'>adiungimus</span> <span class='ocrx_word' id='word_1_65' title='bbox 794 1292 893 1358; x_wconf 85' lang='lat' dir='ltr'>verbu</span> <span class='ocrx_word' id='word_1_66' title='bbox 927 1293 1073 1376; x_wconf 67' lang='lat' dir='ltr'>meandi,</span> <span class='ocrx_word' id='word_1_67' title='bbox 1111 1293 1228 1360; x_wconf 78' lang='lat' dir='ltr'>orandi</span> <span class='ocrx_word' id='word_1_68' title='bbox 1264 1293 1375 1378; x_wconf 88' lang='lat' dir='ltr'>eisque</span> 
     </span>
     <span class='ocr_line' id='line_1_11' title="bbox 128 1396 256 1463; baseline -0.016 0"><span class='ocrx_word' id='word_1_69' title='bbox 128 1396 256 1463; x_wconf 82' lang='lat' dir='ltr'>similiu-</span> 
     </span>
    </p>

    <p class='ocr_par' dir='ltr' id='par_1_7' title="bbox 137 1543 640 1723">
     <span class='ocr_line' id='line_1_12' title="bbox 235 1543 326 1618; baseline 0 -24"><span class='ocrx_word' id='word_1_70' title='bbox 235 1543 326 1618; x_wconf 84' lang='lat' dir='ltr'>rogo</span> 
     </span>
     <span class='ocr_line' id='line_1_13' title="bbox 137 1640 640 1723; baseline -0.004 -17"><span class='ocrx_word' id='word_1_71' title='bbox 137 1647 187 1722; x_wconf 95' lang='grc'><strong>18,</strong></span> <span class='ocrx_word' id='word_1_72' title='bbox 210 1645 250 1705; x_wconf 89' lang='grc'>22</span> <span class='ocrx_word' id='word_1_73' title='bbox 275 1690 282 1704; x_wconf 96' lang='grc'><strong><em>.</em></strong></span> <span class='ocrx_word' id='word_1_74' title='bbox 306 1689 313 1704; x_wconf 95' lang='grc'><strong>.</strong></span> <span class='ocrx_word' id='word_1_75' title='bbox 334 1688 342 1705; x_wconf 92' lang='grc'><strong>.</strong></span> <span class='ocrx_word' id='word_1_76' title='bbox 366 1687 375 1707; x_wconf 93' lang='grc'><strong>.</strong></span> <span class='ocrx_word' id='word_1_77' title='bbox 398 1645 487 1723; x_wconf 75' lang='lat' dir='ltr'>roqet</span> <span class='ocrx_word' id='word_1_78' title='bbox 508 1640 640 1706; x_wconf 80' lang='lat' dir='ltr'>morari.</span> 
     </span>
    </p>

    <p class='ocr_par' dir='ltr' id='par_1_8' title="bbox 134 1743 1376 2143">
     <span class='ocr_line' id='line_1_14' title="bbox 240 1743 1376 1830; baseline 0.002 -20"><span class='ocrx_word' id='word_1_79' title='bbox 240 1745 288 1810; x_wconf 90' lang='lat' dir='ltr'>De</span> <span class='ocrx_word' id='word_1_80' title='bbox 309 1744 368 1810; x_wconf 88' lang='lat' dir='ltr'>hoc</span> <span class='ocrx_word' id='word_1_81' title='bbox 392 1766 452 1809; x_wconf 90' lang='lat' dir='ltr'>usn</span> <span class='ocrx_word' id='word_1_82' title='bbox 477 1743 533 1809; x_wconf 89' lang='lat' dir='ltr'><strong>cfr.</strong></span> <span class='ocrx_word' id='word_1_83' title='bbox 558 1744 673 1828; x_wconf 80' lang='lat' dir='ltr'>Drueg.</span> <span class='ocrx_word' id='word_1_84' title='bbox 701 1749 729 1826; x_wconf 89' lang='grc'><strong>2,</strong></span> <span class='ocrx_word' id='word_1_85' title='bbox 754 1749 828 1828; x_wconf 92' lang='grc'><strong>417,</strong></span> <span class='ocrx_word' id='word_1_86' title='bbox 868 1750 892 1810; x_wconf 92' lang='grc'>1.</span> <span class='ocrx_word' id='word_1_87' title='bbox 929 1745 1054 1825; x_wconf 78' lang='lat' dir='ltr'>Cetera,</span> <span class='ocrx_word' id='word_1_88' title='bbox 1090 1766 1173 1829; x_wconf 85' lang='lat' dir='ltr'>quae</span> <span class='ocrx_word' id='word_1_89' title='bbox 1206 1746 1269 1812; x_wconf 88' lang='lat' dir='ltr'>hue</span> <span class='ocrx_word' id='word_1_90' title='bbox 1304 1768 1376 1830; x_wconf 88' lang='lat' dir='ltr'>per·</span> 
     </span>
     <span class='ocr_line' id='line_1_15' title="bbox 134 1849 1375 1933; baseline 0 -19"><span class='ocrx_word' id='word_1_91' title='bbox 134 1851 243 1914; x_wconf 80' lang='lat' dir='ltr'><strong>tinent</strong></span> <span class='ocrx_word' id='word_1_92' title='bbox 264 1850 368 1929; x_wconf 80' lang='lat' dir='ltr'>verba,</span> <span class='ocrx_word' id='word_1_93' title='bbox 391 1871 482 1914; x_wconf 89' lang='lat' dir='ltr'>more</span> <span class='ocrx_word' id='word_1_94' title='bbox 505 1851 626 1916; x_wconf 84' lang='lat' dir='ltr'>usitato</span> <span class='ocrx_word' id='word_1_95' title='bbox 649 1869 708 1933; x_wconf 87' lang='lat' dir='ltr'>per</span> <span class='ocrx_word' id='word_1_96' title='bbox 730 1849 859 1915; x_wconf 84' lang='lat' dir='ltr'>finalem</span> <span class='ocrx_word' id='word_1_97' title='bbox 883 1851 989 1916; x_wconf 86' lang='lat' dir='ltr'>iunxit</span> <span class='ocrx_word' id='word_1_98' title='bbox 1013 1849 1159 1917; x_wconf 80' lang='lat' dir='ltr'>Catullus</span> <span class='ocrx_word' id='word_1_99' title='bbox 1176 1851 1375 1915; x_wconf 82' lang='lat' dir='ltr'>coniunctio·</span> 
     </span>
     <span class='ocr_line' id='line_1_16' title="bbox 136 1953 1376 2039; baseline -0.002 -19"><span class='ocrx_word' id='word_1_100' title='bbox 136 1976 210 2020; x_wconf 90' lang='lat' dir='ltr'>uem</span> <span class='ocrx_word' id='word_1_101' title='bbox 233 1975 301 2019; x_wconf 87' lang='lat' dir='ltr'>cum</span> <span class='ocrx_word' id='word_1_102' title='bbox 324 1953 547 2019; x_wconf 80' lang='lat' dir='ltr'>enuntiatione</span> <span class='ocrx_word' id='word_1_103' title='bbox 570 1954 771 2024; x_wconf 77' lang='lat' dir='ltr'>secundaria.</span> <span class='ocrx_word' id='word_1_104' title='bbox 796 1954 910 2039; x_wconf 87' lang='lat' dir='ltr'>Itaque</span> <span class='ocrx_word' id='word_1_105' title='bbox 933 1956 1216 2038; x_wconf 81' lang='lat' dir='ltr'>legimnsverbum</span> <span class='ocrx_word' id='word_1_106' title='bbox 1230 1956 1376 2039; x_wconf 67' lang='lat' dir='ltr'>meandi,</span> 
     </span>
     <span class='ocr_line' id='line_1_17' title="bbox 135 2059 467 2143; baseline -0.006 -19"><span class='ocrx_word' id='word_1_107' title='bbox 135 2059 221 2143; x_wconf 87' lang='lat' dir='ltr'>quod</span> <span class='ocrx_word' id='word_1_108' title='bbox 244 2064 280 2123; x_wconf 89' lang='lat' dir='ltr'>ut</span> <span class='ocrx_word' id='word_1_109' title='bbox 301 2059 467 2142; x_wconf 88' lang='lat' dir='ltr'>sequitur:</span> 
     </span>
    </p>

    <p class='ocr_par' dir='ltr' id='par_1_9' title="bbox 131 2164 1006 2248">
     <span class='ocr_line' id='line_1_18' title="bbox 131 2164 1006 2248; baseline 0.002 -19"><span class='ocrx_word' id='word_1_110' title='bbox 131 2169 163 2246; x_wconf 90' lang='grc'><strong>8,</strong></span> <span class='ocrx_word' id='word_1_111' title='bbox 189 2169 229 2228; x_wconf 88' lang='grc'>23</span> <span class='ocrx_word' id='word_1_112' title='bbox 254 2168 327 2230; x_wconf 85' lang='lat' dir='ltr'>deos</span> <span class='ocrx_word' id='word_1_113' title='bbox 349 2165 487 2248; x_wconf 68' lang='lat' dir='ltr'>sonabis,</span> <span class='ocrx_word' id='word_1_114' title='bbox 511 2169 608 2230; x_wconf 85' lang='lat' dir='ltr'>totum</span> <span class='ocrx_word' id='word_1_115' title='bbox 630 2169 667 2230; x_wconf 89' lang='lat' dir='ltr'>ut</span> <span class='ocrx_word' id='word_1_116' title='bbox 688 2171 718 2230; x_wconf 88' lang='lat' dir='ltr'>te</span> <span class='ocrx_word' id='word_1_117' title='bbox 735 2164 862 2246; x_wconf 76' lang='lat' dir='ltr'>laeiaut</span> <span class='ocrx_word' id='word_1_118' title='bbox 883 2186 1006 2232; x_wconf 82' lang='lat' dir='ltr'><strong><em>nasum.</em></strong></span> 
     </span>
    </p>
   </div>
   <div class='ocr_carea' id='block_1_4' title="bbox 135 2314 1033 2492">
    <p class='ocr_par' dir='ltr' id='par_1_10' title="bbox 135 2314 1033 2492">
     <span class='ocr_line' id='line_1_19' title="bbox 240 2314 303 2362; baseline 0.063 -3"><span class='ocrx_word' id='word_1_119' title='bbox 240 2314 303 2362; x_wconf 83' lang='lat' dir='ltr'>oro</span> 
     </span>
     <span class='ocr_line' id='line_1_20' title="bbox 135 2410 1033 2492; baseline -0.001 -16"><span class='ocrx_word' id='word_1_120' title='bbox 135 2416 186 2492; x_wconf 89' lang='grc'>26,</span> <span class='ocrx_word' id='word_1_121' title='bbox 211 2417 230 2475; x_wconf 87' lang='grc'><strong>2</strong></span> <span class='ocrx_word' id='word_1_122' title='bbox 255 2432 396 2492; x_wconf 82' lang='lat' dir='ltr'>oramus,</span> <span class='ocrx_word' id='word_1_123' title='bbox 418 2433 457 2474; x_wconf 88' lang='lat' dir='ltr'>ue</span> <span class='ocrx_word' id='word_1_124' title='bbox 475 2431 597 2492; x_wconf 80' lang='lat' dir='ltr'>poeuas</span> <span class='ocrx_word' id='word_1_125' title='bbox 619 2410 763 2476; x_wconf 83' lang='lat' dir='ltr'>Nemesis</span> <span class='ocrx_word' id='word_1_126' title='bbox 783 2416 928 2492; x_wconf 78' lang='lat' dir='ltr'>reposcet</span> <span class='ocrx_word' id='word_1_127' title='bbox 951 2432 973 2476; x_wconf 88' lang='lat' dir='ltr'><strong><em>a</em></strong></span> <span class='ocrx_word' id='word_1_128' title='bbox 996 2417 1033 2476; x_wconf 85' lang='lat' dir='ltr'>te.</span> 
     </span>
    </p>
   </div>
   <div class='ocr_carea' id='block_1_5' title="bbox 132 2514 1380 2702">
    <p class='ocr_par' dir='ltr' id='par_1_11' title="bbox 132 2514 1380 2702">
     <span class='ocr_line' id='line_1_21' title="bbox 242 2514 1380 2599; baseline 0.001 -19"><span class='ocrx_word' id='word_1_129' title='bbox 242 2514 318 2580; x_wconf 88' lang='lat' dir='ltr'>Sine</span> <span class='ocrx_word' id='word_1_130' title='bbox 342 2515 566 2580; x_wconf 82' lang='lat' dir='ltr'>coniunctione</span> <span class='ocrx_word' id='word_1_131' title='bbox 589 2514 677 2580; x_wconf 88' lang='lat' dir='ltr'>finali</span> <span class='ocrx_word' id='word_1_132' title='bbox 701 2515 848 2599; x_wconf 87' lang='lat' dir='ltr'>sequitur</span> <span class='ocrx_word' id='word_1_133' title='bbox 870 2515 1092 2582; x_wconf 81' lang='lat' dir='ltr'>coniunctivus</span> <span class='ocrx_word' id='word_1_134' title='bbox 1106 2514 1380 2582; x_wconf 83' lang='lat' dir='ltr'>verbumorauali:</span> 
     </span>
     <span class='ocr_line' id='line_1_22' title="bbox 132 2620 631 2702; baseline -0.004 -16"><span class='ocrx_word' id='word_1_135' title='bbox 132 2626 185 2702; x_wconf 87' lang='grc'><strong>27,</strong></span> <span class='ocrx_word' id='word_1_136' title='bbox 212 2624 229 2683; x_wconf 88' lang='grc'><strong>7</strong></span> <span class='ocrx_word' id='word_1_137' title='bbox 260 2623 404 2699; x_wconf 79' lang='lat' dir='ltr'><strong><em>Oramus,</em></strong></span> <span class='ocrx_word' id='word_1_138' title='bbox 428 2620 631 2693; x_wconf 81' lang='lat' dir='ltr'>demonstres.</span> 
     </span>
    </p>
   </div>
   <div class='ocr_carea' id='block_1_6' title="bbox 240 2749 376 2822">
    <p class='ocr_par' dir='ltr' id='par_1_12' title="bbox 240 2749 376 2822">
     <span class='ocr_line' id='line_1_23' title="bbox 240 2749 376 2822; baseline 0.015 -24"><span class='ocrx_word' id='word_1_139' title='bbox 240 2749 376 2822; x_wconf 84' lang='lat' dir='ltr'>quaero</span> 
     </span>
    </p>
   </div>
   <div class='ocr_carea' id='block_1_7' title="bbox 129 2847 1375 3684">
    <p class='ocr_par' dir='ltr' id='par_1_13' title="bbox 129 2847 1375 3684">
     <span class='ocr_line' id='line_1_24' title="bbox 135 2847 1189 2931; baseline 0.002 -22"><span class='ocrx_word' id='word_1_140' title='bbox 135 2851 187 2927; x_wconf 86' lang='grc'><strong>76,</strong></span> <span class='ocrx_word' id='word_1_141' title='bbox 212 2851 253 2910; x_wconf 93' lang='grc'>27</span> <span class='ocrx_word' id='word_1_142' title='bbox 277 2847 352 2912; x_wconf 89' lang='lat' dir='ltr'>Nou</span> <span class='ocrx_word' id='word_1_143' title='bbox 373 2848 439 2912; x_wconf 87' lang='lat' dir='ltr'>iam</span> <span class='ocrx_word' id='word_1_144' title='bbox 461 2847 542 2912; x_wconf 81' lang='lat' dir='ltr'>illud</span> <span class='ocrx_word' id='word_1_145' title='bbox 565 2867 691 2930; x_wconf 79' lang='lat' dir='ltr'>quaero,</span> <span class='ocrx_word' id='word_1_146' title='bbox 716 2854 825 2913; x_wconf 83' lang='lat' dir='ltr'>neutra</span> <span class='ocrx_word' id='word_1_147' title='bbox 848 2853 884 2912; x_wconf 90' lang='lat' dir='ltr'>ut</span> <span class='ocrx_word' id='word_1_148' title='bbox 907 2869 955 2914; x_wconf 87' lang='lat' dir='ltr'>me</span> <span class='ocrx_word' id='word_1_149' title='bbox 987 2848 1101 2931; x_wconf 73' lang='lat' dir='ltr'>ditiqat</span> <span class='ocrx_word' id='word_1_150' title='bbox 1123 2848 1189 2928; x_wconf 80' lang='lat' dir='ltr'>illa,</span> 
     </span>
     <span class='ocr_line' id='line_1_25' title="bbox 277 2951 1032 3036; baseline 0.003 -20"><span class='ocrx_word' id='word_1_151' title='bbox 277 2953 352 3036; x_wconf 78' lang='lat' dir='ltr'>Aue,</span> <span class='ocrx_word' id='word_1_152' title='bbox 398 2996 674 3021; x_wconf 86' lang='grc'><strong>......</strong></span> <span class='ocrx_word' id='word_1_153' title='bbox 719 2973 785 3018; x_wconf 88' lang='lat' dir='ltr'>esse</span> <span class='ocrx_word' id='word_1_154' title='bbox 802 2951 924 3034; x_wconf 77' lang='lat' dir='ltr'>pudiea</span> <span class='ocrx_word' id='word_1_155' title='bbox 947 2952 1032 3019; x_wconf 82' lang='lat' dir='ltr'>vetit.</span> 
     </span>
     <span class='ocr_line' id='line_1_26' title="bbox 245 3067 325 3155; baseline -0.013 -22"><span class='ocrx_word' id='word_1_156' title='bbox 245 3067 325 3155; x_wconf 86' lang='lat' dir='ltr'>peto</span> 
     </span>
     <span class='ocr_line' id='line_1_27' title="bbox 140 3180 792 3264; baseline 0.002 -20"><span class='ocrx_word' id='word_1_157' title='bbox 140 3183 168 3259; x_wconf 82' lang='grc'><strong>9,</strong></span> <span class='ocrx_word' id='word_1_158' title='bbox 193 3180 233 3243; x_wconf 94' lang='grc'>22</span> <span class='ocrx_word' id='word_1_159' title='bbox 255 3231 262 3244; x_wconf 93' lang='grc'><strong><em>.</em></strong></span> <span class='ocrx_word' id='word_1_160' title='bbox 286 3225 292 3238; x_wconf 90' lang='grc'><em>.</em></span> <span class='ocrx_word' id='word_1_161' title='bbox 316 3227 323 3242; x_wconf 94' lang='grc'><strong>.</strong></span> <span class='ocrx_word' id='word_1_162' title='bbox 346 3180 477 3244; x_wconf 81' lang='lat' dir='ltr'>aenium</span> <span class='ocrx_word' id='word_1_163' title='bbox 503 3185 578 3261; x_wconf 75' lang='lat' dir='ltr'>peto</span> <span class='ocrx_word' id='word_1_164' title='bbox 613 3180 792 3264; x_wconf 81' lang='lat' dir='ltr'>pudentem,</span> 
     </span>
     <span class='ocr_line' id='line_1_28' title="bbox 269 3283 1006 3373; baseline 0 -23"><span class='ocrx_word' id='word_1_165' title='bbox 269 3284 309 3351; x_wconf 86' lang='lat' dir='ltr'>Ut</span> <span class='ocrx_word' id='word_1_166' title='bbox 445 3306 607 3350; x_wconf 86' lang='lat' dir='ltr'>eouseroes</span> <span class='ocrx_word' id='word_1_167' title='bbox 635 3307 774 3368; x_wconf 69' lang='lat' dir='ltr'>numum</span> <span class='ocrx_word' id='word_1_168' title='bbox 790 3287 868 3353; x_wconf 78' lang='lat' dir='ltr'>mihi</span> <span class='ocrx_word' id='word_1_169' title='bbox 881 3283 1006 3373; x_wconf 76' lang='lat' dir='ltr'>pudice.</span> 
     </span>
     <span class='ocr_line' id='line_1_29' title="bbox 242 3387 1178 3474; baseline 0 -20"><span class='ocrx_word' id='word_1_170' title='bbox 242 3389 456 3473; x_wconf 86' lang='lat' dir='ltr'>Imperativus</span> <span class='ocrx_word' id='word_1_171' title='bbox 479 3390 618 3472; x_wconf 78' lang='lat' dir='ltr'>(lenique</span> <span class='ocrx_word' id='word_1_172' title='bbox 642 3393 790 3474; x_wconf 87' lang='lat' dir='ltr'>sequitur</span> <span class='ocrx_word' id='word_1_173' title='bbox 811 3407 922 3459; x_wconf 77' lang='lat' dir='ltr'>vooem</span> <span class='ocrx_word' id='word_1_174' title='bbox 935 3410 1049 3474; x_wconf 75' lang='lat' dir='ltr'>qiaaoso</span> <span class='ocrx_word' id='word_1_175' title='bbox 1065 3388 1115 3470; x_wconf 78' lang='lat'>74,</span> <span class='ocrx_word' id='word_1_176' title='bbox 1129 3387 1178 3454; x_wconf 88' lang='grc'>21.</span> 
     </span>
     <span class='ocr_line' id='line_1_30' title="bbox 237 3492 1375 3578; baseline -0.001 -21"><span class='ocrx_word' id='word_1_177' title='bbox 237 3493 426 3576; x_wconf 80' lang='lat' dir='ltr'>Infinitivus‚</span> <span class='ocrx_word' id='word_1_178' title='bbox 458 3494 514 3577; x_wconf 91' lang='lat' dir='ltr'>qui</span> <span class='ocrx_word' id='word_1_179' title='bbox 538 3517 596 3578; x_wconf 89' lang='lat' dir='ltr'>pro</span> <span class='ocrx_word' id='word_1_180' title='bbox 635 3499 818 3562; x_wconf 80' lang='lat' dir='ltr'>accusativo</span> <span class='ocrx_word' id='word_1_181' title='bbox 859 3497 976 3562; x_wconf 86' lang='lat' dir='ltr'>obiecti</span> <span class='ocrx_word' id='word_1_182' title='bbox 1015 3495 1164 3574; x_wconf 81' lang='lat' dir='ltr'>hebetur,</span> <span class='ocrx_word' id='word_1_183' title='bbox 1188 3492 1375 3576; x_wconf 82' lang='lat' dir='ltr'>adiungitur</span> 
     </span>
     <span class='ocr_line' id='line_1_31' title="bbox 129 3597 1191 3684; baseline -0.002 -20"><span class='ocrx_word' id='word_1_184' title='bbox 129 3619 231 3682; x_wconf 87' lang='lat' dir='ltr'>porro</span> <span class='ocrx_word' id='word_1_185' title='bbox 255 3597 370 3680; x_wconf 89' lang='lat' dir='ltr'>verbis,</span> <span class='ocrx_word' id='word_1_186' title='bbox 393 3600 510 3682; x_wconf 87' lang='lat' dir='ltr'>quibus</span> <span class='ocrx_word' id='word_1_187' title='bbox 533 3600 633 3682; x_wconf 77' lang='lat' dir='ltr'>incipi</span> <span class='ocrx_word' id='word_1_188' title='bbox 656 3609 690 3665; x_wconf 87' lang='lat' dir='ltr'>et</span> <span class='ocrx_word' id='word_1_189' title='bbox 711 3604 811 3684; x_wconf 79' lang='lat' dir='ltr'>repeti</span> <span class='ocrx_word' id='word_1_190' title='bbox 833 3602 994 3667; x_wconf 86' lang='lat' dir='ltr'>actionem</span> <span class='ocrx_word' id='word_1_191' title='bbox 1018 3598 1191 3663; x_wconf 85' lang='lat' dir='ltr'>indicatur.</span> 
     </span>
    </p>
   </div>
   <div class='ocr_carea' id='block_1_8' title="bbox 132 3747 1381 4244">
    <p class='ocr_par' dir='ltr' id='par_1_14' title="bbox 132 3747 1381 4244">
     <span class='ocr_line' id='line_1_32' title="bbox 238 3747 342 3821; baseline 0 -24"><span class='ocrx_word' id='word_1_192' title='bbox 238 3747 342 3821; x_wconf 81' lang='lat' dir='ltr'>coepi</span> 
     </span>
     <span class='ocr_line' id='line_1_33' title="bbox 133 3844 901 3927; baseline 0.005 -19"><span class='ocrx_word' id='word_1_193' title='bbox 133 3849 229 3920; x_wconf 81' lang='grc'><strong>51,6</strong></span> <span class='ocrx_word' id='word_1_194' title='bbox 277 3892 284 3908; x_wconf 91' lang='grc'><strong>.</strong></span> <span class='ocrx_word' id='word_1_195' title='bbox 329 3893 337 3909; x_wconf 89' lang='grc'><strong>.</strong></span> <span class='ocrx_word' id='word_1_196' title='bbox 381 3845 501 3911; x_wconf 81' lang='lat' dir='ltr'>sanetis</span> <span class='ocrx_word' id='word_1_197' title='bbox 524 3847 623 3927; x_wconf 75' lang='lat' dir='ltr'>eoepit</span> <span class='ocrx_word' id='word_1_198' title='bbox 645 3846 789 3912; x_wconf 77' lang='lat' dir='ltr'>decedere</span> <span class='ocrx_word' id='word_1_199' title='bbox 811 3844 901 3912; x_wconf 80' lang='lat' dir='ltr'>diois.</span> 
     </span>
     <span class='ocr_line' id='line_1_34' title="bbox 132 3949 1041 4033; baseline 0.002 -20"><span class='ocrx_word' id='word_1_200' title='bbox 132 3953 184 4028; x_wconf 83' lang='lat'>52,</span> <span class='ocrx_word' id='word_1_201' title='bbox 213 3953 251 4014; x_wconf 86' lang='grc'>13</span> <span class='ocrx_word' id='word_1_202' title='bbox 284 3949 445 4016; x_wconf 79' lang='lat' dir='ltr'>Veridioos</span> <span class='ocrx_word' id='word_1_203' title='bbox 468 3950 593 4019; x_wconf 87' lang='lat' dir='ltr'>Pareae</span> <span class='ocrx_word' id='word_1_204' title='bbox 617 3956 784 4033; x_wconf 78' lang='lat' dir='ltr'>eoeperuut</span> <span class='ocrx_word' id='word_1_205' title='bbox 807 3949 895 4016; x_wconf 78' lang='lat' dir='ltr'>edere</span> <span class='ocrx_word' id='word_1_206' title='bbox 918 3952 1041 4017; x_wconf 78' lang='lat' dir='ltr'>aciutus.</span> 
     </span>
     <span class='ocr_line' id='line_1_35' title="bbox 134 4052 929 4136; baseline 0.005 -19"><span class='ocrx_word' id='word_1_207' title='bbox 134 4058 186 4134; x_wconf 86' lang='grc'><strong>64,</strong></span> <span class='ocrx_word' id='word_1_208' title='bbox 212 4057 230 4117; x_wconf 87' lang='grc'>9</span> <span class='ocrx_word' id='word_1_209' title='bbox 278 4052 430 4136; x_wconf 79' lang='lat' dir='ltr'>Coeperat</span> <span class='ocrx_word' id='word_1_210' title='bbox 453 4057 496 4121; x_wconf 80' lang='lat' dir='ltr'>aei</span> <span class='ocrx_word' id='word_1_211' title='bbox 517 4077 585 4121; x_wconf 86' lang='lat' dir='ltr'>sese</span> <span class='ocrx_word' id='word_1_212' title='bbox 609 4057 706 4123; x_wconf 81' lang='lat' dir='ltr'>Troia</span> <span class='ocrx_word' id='word_1_213' title='bbox 729 4060 809 4124; x_wconf 79' lang='lat' dir='ltr'>ciere</span> <span class='ocrx_word' id='word_1_214' title='bbox 831 4058 929 4124; x_wconf 85' lang='lat' dir='ltr'>uiros.</span> 
     </span>
     <span class='ocr_line' id='line_1_36' title="bbox 187 4160 1381 4244; baseline -0.001 -20"><span class='ocrx_word' id='word_1_215' title='bbox 187 4181 190 4188; x_wconf 94' lang='lat'><em>·</em></span> <span class='ocrx_word' id='word_1_216' title='bbox 245 4160 292 4224; x_wconf 90' lang='lat' dir='ltr'>De</span> <span class='ocrx_word' id='word_1_217' title='bbox 315 4160 377 4224; x_wconf 86' lang='lat' dir='ltr'>hac</span> <span class='ocrx_word' id='word_1_218' title='bbox 400 4166 565 4226; x_wconf 84' lang='lat' dir='ltr'>structura</span> <span class='ocrx_word' id='word_1_219' title='bbox 588 4162 643 4226; x_wconf 84' lang='lat' dir='ltr'><strong>cfr.</strong></span> <span class='ocrx_word' id='word_1_220' title='bbox 670 4162 786 4244; x_wconf 85' lang='lat' dir='ltr'>Drueg.</span> <span class='ocrx_word' id='word_1_221' title='bbox 811 4167 839 4239; x_wconf 90' lang='grc'>2,</span> <span class='ocrx_word' id='word_1_222' title='bbox 863 4166 936 4227; x_wconf 88' lang='grc'><strong>426,</strong></span> <span class='ocrx_word' id='word_1_223' title='bbox 959 4160 1051 4244; x_wconf 81' lang='lat' dir='ltr'>Apud</span> <span class='ocrx_word' id='word_1_224' title='bbox 1065 4160 1235 4226; x_wconf 86' lang='lat' dir='ltr'>Horatium</span> <span class='ocrx_word' id='word_1_225' title='bbox 1251 4160 1381 4243; x_wconf 51' lang='lat' dir='ltr'>„coepi</span> 
     </span>
    </p>
   </div>
   <div class='ocr_carea' id='block_1_9' title="bbox 139 4264 1385 4454">
    <p class='ocr_par' dir='ltr' id='par_1_15' title="bbox 139 4264 1385 4454">
     <span class='ocr_line' id='line_1_37' title="bbox 139 4264 1385 4349; baseline 0 -21"><span class='ocrx_word' id='word_1_226' title='bbox 139 4286 212 4329; x_wconf 89' lang='lat' dir='ltr'>cum</span> <span class='ocrx_word' id='word_1_227' title='bbox 235 4264 394 4329; x_wconf 90' lang='lat' dir='ltr'>infinitivo</span> <span class='ocrx_word' id='word_1_228' title='bbox 419 4267 561 4330; x_wconf 82' lang='lat' dir='ltr'>iunctum</span> <span class='ocrx_word' id='word_1_229' title='bbox 586 4267 734 4331; x_wconf 83' lang='lat' dir='ltr'>undecim</span> <span class='ocrx_word' id='word_1_230' title='bbox 758 4267 877 4349; x_wconf 85' lang='lat' dir='ltr'>legitur</span> <span class='ocrx_word' id='word_1_231' title='bbox 909 4266 998 4346; x_wconf 83' lang='lat' dir='ltr'>locis,</span> <span class='ocrx_word' id='word_1_232' title='bbox 1022 4287 1062 4330; x_wconf 87' lang='lat' dir='ltr'>ex</span> <span class='ocrx_word' id='word_1_233' title='bbox 1095 4264 1212 4348; x_wconf 90' lang='lat' dir='ltr'>quibus</span> <span class='ocrx_word' id='word_1_234' title='bbox 1246 4271 1385 4348; x_wconf 81' lang='lat' dir='ltr'>apparet</span> 
     </span>
     <span class='ocr_line' id='line_1_38' title="bbox 140 4369 1383 4454; baseline 0 -21"><span class='ocrx_word' id='word_1_235' title='bbox 140 4376 174 4433; x_wconf 87' lang='lat' dir='ltr'>et</span> <span class='ocrx_word' id='word_1_236' title='bbox 206 4369 297 4434; x_wconf 91' lang='lat' dir='ltr'>illum</span> <span class='ocrx_word' id='word_1_237' title='bbox 320 4375 450 4452; x_wconf 86' lang='lat' dir='ltr'>poetam</span> <span class='ocrx_word' id='word_1_238' title='bbox 486 4391 587 4454; x_wconf 84' lang='lat' dir='ltr'>neque</span> <span class='ocrx_word' id='word_1_239' title='bbox 625 4393 663 4436; x_wconf 86' lang='lat' dir='ltr'>ue</span> <span class='ocrx_word' id='word_1_240' title='bbox 702 4370 865 4437; x_wconf 81' lang='lat' dir='ltr'>Catullum</span> <span class='ocrx_word' id='word_1_241' title='bbox 888 4392 952 4437; x_wconf 92' lang='lat' dir='ltr'>non</span> <span class='ocrx_word' id='word_1_242' title='bbox 986 4371 1189 4454; x_wconf 82' lang='lat' dir='ltr'>usurpavisse</span> <span class='ocrx_word' id='word_1_243' title='bbox 1224 4370 1383 4453; x_wconf 81' lang='lat' dir='ltr'>passivam</span> 
     </span>
    </p>
   </div>
   <div class='ocr_carea' id='block_1_10' title="bbox 138 4460 1384 4664">
    <p class='ocr_par' dir='ltr' id='par_1_16' title="bbox 138 4460 1384 4664">
     <span class='ocr_line' id='line_1_39' title="bbox 138 4460 1384 4560; baseline -0.001 -21"><span class='ocrx_word' id='word_1_244' title='bbox 138 4476 227 4539; x_wconf 88' lang='lat' dir='ltr'>vocis</span> <span class='ocrx_word' id='word_1_245' title='bbox 254 4475 384 4558; x_wconf 83' lang='lat' dir='ltr'>„eoepi“</span> <span class='ocrx_word' id='word_1_246' title='bbox 410 4479 554 4556; x_wconf 78' lang='lat' dir='ltr'>formum,</span> <span class='ocrx_word' id='word_1_247' title='bbox 579 4497 676 4559; x_wconf 85' lang='lat' dir='ltr'>quom</span> <span class='ocrx_word' id='word_1_248' title='bbox 699 4476 836 4560; x_wconf 82' lang='lat' dir='ltr'>legimus</span> <span class='ocrx_word' id='word_1_249' title='bbox 860 4475 946 4560; x_wconf 85' lang='lat' dir='ltr'>apud</span> <span class='ocrx_word' id='word_1_250' title='bbox 972 4460 1148 4559; x_wconf 57' lang='lat' dir='ltr'>Vergilium</span> <span class='ocrx_word' id='word_1_251' title='bbox 1176 4476 1209 4538; x_wconf 82' lang='grc' dir='ltr'>Α.</span> <span class='ocrx_word' id='word_1_252' title='bbox 1247 4478 1276 4555; x_wconf 91' lang='grc'><strong>6,</strong></span> <span class='ocrx_word' id='word_1_253' title='bbox 1311 4479 1384 4555; x_wconf 71' lang='grc'><strong>256,</strong></span> 
     </span>
     <span class='ocr_line' id='line_1_40' title="bbox 140 4578 835 4664; baseline 0 -18"><span class='ocrx_word' id='word_1_254' title='bbox 140 4578 231 4646; x_wconf 82' lang='lat' dir='ltr'>Ovio.</span> <span class='ocrx_word' id='word_1_255' title='bbox 257 4579 332 4645; x_wconf 82' lang='lat' dir='ltr'>net.</span> <span class='ocrx_word' id='word_1_256' title='bbox 358 4584 386 4660; x_wconf 87' lang='lat'>3,</span> <span class='ocrx_word' id='word_1_257' title='bbox 416 4585 485 4662; x_wconf 76' lang='lat'>1063</span> <span class='ocrx_word' id='word_1_258' title='bbox 508 4580 545 4645; x_wconf 87' lang='lat' dir='ltr'>F.</span> <span class='ocrx_word' id='word_1_259' title='bbox 566 4587 593 4664; x_wconf 87' lang='grc'><strong>3,</strong></span> <span class='ocrx_word' id='word_1_260' title='bbox 623 4586 682 4648; x_wconf 85' lang='grc'>146</span> <span class='ocrx_word' id='word_1_261' title='bbox 706 4586 740 4648; x_wconf 87' lang='lat' dir='ltr'>et</span> <span class='ocrx_word' id='word_1_262' title='bbox 764 4583 835 4650; x_wconf 84' lang='grc'><strong>280.</strong></span> 
     </span>
    </p>
   </div>
   <div class='ocr_carea' id='block_1_11' title="bbox 0 0 1526 5116">
    <p class='ocr_par' dir='ltr' id='par_1_17' title="bbox 0 0 1526 5116">
     <span class='ocr_line' id='line_1_41' title="bbox 0 0 1526 5116; baseline 0 0"><span class='ocrx_word' id='word_1_263' title='bbox 0 0 1526 5116; x_wconf 95' lang='lat' dir='ltr'> </span> 
     </span>
    </p>
   </div>
  </div>
 </body>
</html>
