3014 5116
745 186 784 250 15

658 275 864 288 —u—-

236 398 367 474 labere

131 521 252 601 60,13
298 567 305 583 .
351 566 358 583 .
400 563 409 581 .
456 533 546 582 nemo
570 514 697 598 euenit
717 536 774 583 nce
795 517 877 583 seire
899 518 1034 585 taboret.

238 641 340 708 Huius
374 638 486 719 serbi,
522 638 609 721 quod
648 660 667 704 a
702 632 857 704 Cicerone
892 642 1064 723 negatione
1102 664 1229 728 semper
1253 644 1382 710 adiecta

133 753 318 832 usurpatur,
341 742 430 829 apud
463 742 641 824 Vergilium
674 749 782 808 eutem
806 765 964 827 nusquam
988 749 1163 830 reperitur,
1187 751 1384 816 mentionem

128 855 208 920 fecit
240 853 429 933 Draegerus
465 851 508 932 (2,
543 852 617 928 416,
642 848 685 932 6),
712 849 804 913 enine
827 849 983 934 exemplis
1006 851 1154 918 addimus
1177 853 1266 919 locos
1290 852 1381 919 Ovid.

128 959 179 1024 Ex
210 958 249 1022 P.
288 962 317 1037 1,
355 960 386 1035 3,
420 957 481 1035 89;
513 952 592 1017 Hor.
616 951 646 1017 S.
674 957 702 1032 2,
727 954 760 1033 8,
788 957 841 1034 19;
866 953 926 1038 Ep.
952 957 978 1036 1,
1003 960 1032 1036 3,
1057 961 1087 1037 2;
1111 961 1142 1036 2,
1166 962 1195 1037 3,
1220 963 1273 1039 253
1297 964 1326 1033 2,
1352 964 1381 1036 2,

134 1060 824 1144 061οΑ623024106

214 1274 216 1277 v
242 1184 372 1262 studeo

135 1311 185 1386 72,
210 1310 230 1370 3
251 1305 313 1369 Nil
334 1302 468 1369 nimium
490 1301 611 1379 studeo,
639 1300 769 1382 Caesar,
793 1303 851 1369 tibi
872 1303 950 1370 celte
969 1305 1094 1387 plaeere

251 1409 320 1475 Nee
341 1408 424 1474 seire
468 1453 474 1467 .
522 1455 529 1470 .
575 1452 583 1468 .
629 1454 637 1469 .

234 1527 334 1596 Cuius
367 1533 552 1596 structurae
586 1527 673 1610 quod
709 1527 891 1608 Draegerus
927 1526 970 1610 (2,
993 1534 1066 1609 416,
1092 1536 1124 1614 6)
1149 1533 1298 1617 exemplu
1321 1533 1380 1599 sd·

131 1637 207 1702 tulit
241 1635 348 1716 nulla,
382 1637 555 1703 laudemus
589 1638 677 1704 locos
701 1637 791 1704 Ovid.
827 1644 906 1704 Met.
931 1644 960 1719 7,
985 1642 1057 1717 720,
1081 1637 1160 1702 Hor.
1183 1638 1216 1702 C.
1240 1644 1271 1717 4,
1295 1642 1325 1716 2,
1352 1644 1380 1715 1;

127 1742 786 1826 mhtwstssstffluwdt

239 1847 335 1930 Apud
356 1847 536 1931 Vergilium
559 1869 622 1913 non
645 1849 766 1932 legitur
789 1849 922 1916 verbum
945 1848 1104 1915 studendi.

246 1972 370 2046 dubito

139 2097 187 2168 16,
215 2097 234 2156 7
255 2092 330 2159 Iam
351 2113 400 2159 me
417 2093 563 2175 prodere,
587 2094 654 2159 ium
677 2114 740 2160 non
763 2094 891 2160 dubites
909 2095 1031 2178 fallere,
1051 2093 1199 2176 perfide?

131 2203 252 2281 60,14
298 2247 306 2262 .
352 2245 360 2262 .
405 2247 413 2264 .
458 2197 549 2264 nobis
572 2198 736 2264 dicerene
758 2197 880 2264 dedita.

239 2302 311 2370 Hoc
333 2304 466 2370 verbum
491 2324 562 2368 cum
586 2303 742 2369 infinitivo
766 2304 910 2369 iunctum
933 2310 1050 2388 poetae
1066 2303 1154 2370 haud
1172 2323 1270 2386 saepe
1286 2323 1381 2367 usur·

142 2416 224 2493 pant
245 2407 286 2474 ad
310 2407 552 2493 exprimendam
577 2407 748 2474 dubitandi
771 2410 940 2474 rationem.
972 2408 1066 2493 Apud
1089 2407 1260 2473 Horatium
1273 2407 1388 2473 duobis

136 2520 265 2580 tantum
287 2513 369 2579 loeis
392 2512 514 2596 legitur
537 2512 572 2578 C.
600 2520 627 2593 1,
654 2519 703 2595 12,
728 2520 768 2579 35
794 2521 827 2578 et
850 2513 909 2598 Ep.
933 2518 962 2593 2,
989 2520 1015 2594 1,
1039 2519 1091 2594 803
1115 2512 1202 2597 apud
1236 2510 1386 2578 Ovidium

136 2621 173 2685 Δ.
198 2623 233 2685 Α.
258 2623 288 2700 2,
313 2622 386 2698 222;
410 2618 487 2699 Met.
514 2623 563 2698 13,
588 2624 616 2699 73
643 2619 730 2703 apud
757 2618 852 2702 Verg.
879 2621 915 2684 Α.
940 2624 969 2699 6,
995 2625 1045 2698 87;
1071 2619 1107 2684 Α.
1133 2625 1161 2700 7,
1186 2624 1259 2697 3113
1283 2618 1319 2682 A.
1355 2620 1384 2689 87

137 2723 639 2804 emuamneaw.

239 2847 385 2912 Verbum
408 2846 576 2911 dubitandi
599 2847 747 2929 sequitur
773 2847 888 2930 ,quin“
915 2847 1001 2929 apud
1025 2846 1189 2912 Catullum
1214 2851 1263 2925 75,
1290 2850 1343 2911 11.

242 2952 289 3017 De
312 2951 373 3017 huc
396 2957 561 3017 structure
585 2950 641 3016 cfr.
668 2951 784 3033 Drneg.
809 2957 838 3026 2,
865 2957 940 3028 424,
964 2957 983 3016 8
1008 2951 1053 3033 d).

247 3098 356 3151 caveo

139 3200 194 3277 26,
218 3200 239 3261 4
259 3196 380 3264 taedere
402 3197 486 3260 hane
510 3201 625 3263 ennete.

241 3319 285 3385 Et
306 3321 528 3385 coniunctivae
551 3320 698 3402 sequitur
719 3320 853 3386 verbum
880 3321 1013 3387 cavendi
1035 3321 1104 3386 sine
1128 3326 1185 3386 eut
1210 3341 1283 3386 cum
1306 3338 1383 3385 eon·
1465 3372 1468 3377 .

132 3427 303 3492 iunctione
327 3423 415 3489 finali
438 3424 489 3489 his
511 3424 607 3490 locis:
710 3410 713 3416 ⁸

137 3537 187 3612 26,
212 3536 228 3596 1
256 3537 291 3596 et
313 3535 341 3594 2
357 3531 453 3596 Nunc
475 3530 584 3596 andan
606 3550 679 3594 cuce
702 3529 757 3610 sis,
779 3551 946 3613 precesque
968 3536 1108 3606 nostras,

366 3635 511 3715 oramen,
534 3656 608 3702 eune
630 3636 776 3717 despuere,
800 3637 901 3702 ocelle.

138 3745 188 3819 34,
215 3745 235 3805 5
259 3760 343 3819 eane,
366 3761 405 3806 ne
427 3761 528 3824 nepes

243 3865 293 3930 De
316 3863 377 3928 hcc
401 3887 461 3930 usu
485 3865 541 3929 cfr.
566 3863 684 3946 Drneg.
709 3869 748 3944 2,
775 3867 857 3945 416,
883 3868 900 3926 7
926 3864 968 3947 c).

243 4031 352 4083 08880

140 4150 187 4227 73,
213 4151 254 4211 21
280 4145 455 4211 Praeterea
479 4146 590 4226 infeste
613 4145 764 4210 miserum
786 4168 835 4211 me
856 4145 983 4210 tradere
1006 4144 1121 4211 Amori

288 4251 364 4316 Nou
387 4251 517 4316 cessasti
539 4251 685 4332 cinerique
707 4251 889 4314 excruciare
912 4249 1013 4313 eredo.

245 4372 316 4444 Hoc
339 4372 411 4438 leco
427 4373 559 4438 verbum
578 4373 722 4438 cessandi
737 4372 962 4456 primigenium
979 4370 1248 4454 significationem
1267 4370 1380 4435 habeti

135 4476 211 4546 loco
236 4486 363 4560 eutem,
388 4480 442 4562 qni
466 4480 620 4563 sequitur,
644 4479 730 4543 idem
753 4476 840 4559 quod
863 4477 995 4542 verbum
1019 4475 1192 4549 desinendi,
1215 4474 1387 4541 desistendi

135 4584 190 4651 vet
212 4583 399 4666 obsistendi,
422 4583 650 4652 intermittendi
672 4582 723 4648 vel
743 4583 838 4665 finem
859 4580 1003 4669 (sciendi
1026 4579 1127 4655 ralet;
