3014 5116
650 176 856 286 ss

237 380 359 455 Nomen
395 380 619 472 praedicatum
656 390 764 459 dativo
802 392 921 458 obiecti
957 378 1236 461 accommodatum
1273 379 1372 476 nullo,

134 494 316 560 accusativo
339 498 448 557 autem
471 514 535 559 uno
558 494 720 561 invenitur
742 501 823 563 loco:

135 601 162 679 6,
187 602 238 678 29,
259 596 421 680 Perusiam
444 618 508 663 non
530 598 602 666 lieet
623 620 690 666 esse
708 601 922 685 neyliyeaiem.

232 702 264 784 β)
288 723 362 768 cum
383 704 587 769 coniunctius
613 704 756 771 iunctum
782 705 910 789 legitur:

128 813 178 888 27,
203 811 244 873 27
268 808 340 874 licei
362 807 487 873 obseres
507 808 660 888 paratum.

127 917 178 989 35,
205 917 245 978 14
269 912 342 979 licet
362 913 481 978 senius.

235 1019 265 1102 γ)
287 1017 493 1083 Personalem
516 1025 711 1084 structuram
736 1019 836 1086 habat
859 1020 998 1108 denique
1020 1021 1153 1089 verbnm
1186 1006 1372 1090 licendi

134 1123 261 1190 duobus
283 1128 409 1188 tautum
431 1122 511 1189 locis
535 1129 585 1207 33,
610 1128 650 1189 29
675 1130 708 1190 et
731 1131 782 1206 34,
808 1127 836 1191 1.
891 1175 893 1178 ψ

233 1229 336 1304 lubet

130 1345 178 1428 17,
204 1353 222 1414 6
246 1348 307 1413 tibi
329 1347 435 1413 lubeat
455 1349 547 1429 forus
569 1350 666 1416 abire.

129 1458 157 1532 1,
184 1458 221 1518 19
246 1452 332 1519 lubet
354 1453 456 1518 iocari
482 1456 484 1460 '
562 1509 565 1514 .

129 1563 179 1639 33,
204 1561 243 1623 16
267 1559 352 1625 lubet
372 1557 376 1645 Ι
396 1558 476 1624 Jum
496 1560 615 1625 seruire
640 1546 817 1630 Thalassio.

133 1667 184 1743 38,
206 1669 225 1728 4
247 1665 292 1730 At
313 1664 388 1728 iiber
410 1663 556 1746 innuptis
578 1666 655 1746 ficio
678 1672 707 1732 ie
730 1688 859 1749 sarpere
881 1670 1000 1750 quasin.

235 1768 411 1833 Infinitirus
446 1777 552 1835 menta
590 1771 790 1855 supplendus
825 1779 874 1838 est
910 1775 959 1851 10,
995 1777 1021 1854 1,
1050 1777 1096 1853 11,
1126 1779 1239 1856 1013,
1252 1770 1303 1857 29,
1319 1781 1370 1855 14,

136 1877 186 1954 23,
210 1876 259 1951 21,
283 1876 301 1937 2
325 1880 356 1938 et
384 1879 431 1955 15,
456 1879 508 1955 36,
531 1880 560 1956 4,
586 1881 637 1956 70,
664 1881 714 1941 18.

235 1979 341 2056 decet

130 2104 181 2181 37,
208 2104 246 2164 16
268 2104 336 2166 ium
357 2102 547 2183 respondere
569 2102 695 2169 decebit.

234 2206 347 2305 pudet

131 2336 159 2405 3,
184 2330 226 2393 30
248 2329 305 2394 Iros
325 2330 424 2410 pudet
444 2329 552 2408 fateri.

233 2442 379 2534 oportet

128 2559 180 2648 67,
204 2560 224 2621 4
247 2556 291 2622 In
314 2562 404 2621 verita
426 2566 456 2622 et
477 2555 595 2637 rupida
617 2555 752 2623 scribere
772 2559 895 2640 'oportet
916 2579 1011 2642 aqua.

232 2659 315 2726 ‘rum
338 2661 541 2728 coniunctivo
564 2663 709 2728 iunctum
732 2660 859 2746 legitur:

128 2771 179 2848 71,
206 2770 246 2831 17
270 2771 300 2831 ei
319 2773 417 2850 qanto
439 2768 592 2849 ninantur
614 2773 743 2848 oportet.

234 2875 404 2948 convenit

126 2998 179 3075 26,
208 2999 247 3058 18
276 2994 317 3061 Ut
340 3000 528 3061 convenerat
552 3014 618 3059 esse
641 2993 802 3060 delicatos.

234 3098 413 3164 Infinitivus
436 3099 635 3183 supplendus
660 3105 710 3164 est
733 3103 785 3174 26,
810 3100 828 3162 6
854 3103 887 3164 et
934 3102 963 3163 5.

663 3241 816 3250 --.—-—·

575 3364 820 3446 CAPUT
867 3367 917 3442 ΙΙ.

133 3537 173 3604 ΙΙ.
195 3539 249 3607 DE
273 3537 539 3605 ACCUSATIVO
570 3540 624 3605 ET
647 3539 893 3620 INFINITIVQ
919 3537 1074 3617 QUIBUS
1100 3536 1373 3604 CONTINETUR

496 3679 728 3744 ENUNTIATI
752 3677 1004 3745 SUBIECTUM.

233 3820 460 3887 Praedicatum
499 3823 529 3885 in
569 3820 663 3887 huius
700 3819 786 3886 modi
831 3821 1006 3887 enuntiatis
1036 3825 1086 3887 est
1108 3821 1141 3905 a)
1163 3819 1370 3902 adientium,

129 3925 165 4006 b)
189 3925 393 4000 adverbium,
418 3929 448 4010 u)
471 3927 603 3992 verbum
628 3926 854 4011 impersonale.

749 4032 782 4113 a)

128 4121 180 4197 66,
207 4119 222 4183 1
250 4169 257 4183 .
282 4166 289 4181 .
317 4170 323 4187 .
347 4120 423 4201 quia
446 4140 503 4184 nes
525 4119 611 4184 diuis
633 4118 775 4184 homiues
798 4119 1006 4199 componier)
1030 4137 1164 4200 aequum
1188 4126 1244 4185 esc.

132 4227 181 4303 10,
210 4229 246 4287 16
272 4275 279 4293 .
301 4274 308 4288 .
334 4277 337 4282 .
363 4225 531 4289 uersiculos
554 4223 635 4286 nihii
657 4243 779 4288 necasse
802 4228 856 4302 est,
881 4219 937 4308 (sa.
961 4227 1062 4287 custos
1084 4224 1162 4305 esse)

239 4417 261 4484 ¹)
269 4417 427 4467 Terruinatio
442 4415 557 4466 infinitivi
576 4416 716 4481 praesentis
736 4413 830 4479 passuri
849 4413 896 4465 ier
923 4421 963 4464 est
974 4420 1148 4480 argumentum
1161 4413 1254 4463 veteris
1267 4413 1369 4478 linguae

128 4505 260 4568 ubertatis,
280 4525 329 4572 qua
348 4508 459 4567 PlautuS,
479 4505 622 4566 TerentiuS,
644 4504 775 4554 Lucretius
805 4503 924 4554 delectati
954 4510 1013 4554 suut
1042 4513 1067 4553 et
1097 4519 1247 4568 quamquam
1280 4509 1371 4566 postea

128 4595 247 4648 suffixum
263 4595 303 4649 »i«
319 4596 345 4646 iu
359 4594 472 4662 pedestri
486 4595 602 4646 oratioue
618 4593 758 4660 legitimum
773 4593 866 4644 facturn
885 4600 948 4658 erat,
967 4592 994 4644 iu
1005 4593 1078 4659 poesi
1089 4598 1160 4642 vetus
1170 4591 1215 4643 illa
1229 4591 1372 4643 terminatio
