3014 5116
404 1006 408 1014 .
727 943 811 1037 nu
1278 1015 1282 1023 .

24 1115 70 1268 J
142 1186 146 1194 .
213 1067 1313 1265 111111111111111111111111
1377 1089 1408 1167 ’-

487 1298 1029 1444 nsunrlrronu.
1153 1294 1157 1301 ·

246 1616 371 1701 Singuli
394 1617 596 1701 grammatici
621 1617 698 1700 quid
721 1615 761 1682 da
784 1617 815 1682 vi
839 1620 936 1700 atque
959 1617 1077 1681 natura
1100 1613 1249 1705 infinitivi
1271 1633 1389 1680 senso·

144 1722 313 1802 tintcum
337 1741 358 1787 a
380 1720 492 1786 multis
514 1722 591 1786 viris
614 1720 719 1787 doctis
740 1720 810 1787 iuss
833 1722 1028 1806 copioseque
1051 1717 1260 1804 explanatum
1280 1722 1379 1801 atque

135 1825 336 1911 'explicatum
368 1826 450 1909 sit,¹)
472 1847 512 1895 ne
536 1825 624 1908 ligna
647 1826 678 1890 in
696 1825 808 1891 eilvain
825 1825 1108 1908 ferrevideamur,
1123 1822 1271 1889 hocloco
1288 1844 1381 1889 onar-

139 1950 212 1998 rarc
235 1929 323 1996 haud
353 1950 435 2014 opus
477 1949 548 1995 asse
584 1937 732 2015 putamus
762 1932 861 2013 atqu'o
891 1929 1047 1996 infinitivo
1079 1927 1206 1995 duobus
1237 1927 1379 2013 casibus,

66 2040 94 2106 .’
137 2035 337 2101 nominativo
353 2042 388 2100 et
404 2035 599 2115 accusativo,
611 2035 742 2101 tributis
756 2036 783 2119 α)
806 2036 839 2099 in
864 2032 1061 2123 elaborando
1087 2033 1243 2119 opusculo
1268 2032 1381 2102 nostro

247 2229 269 2297 ¹)
288 2229 497 2293 Schoemann,
516 2230 567 2280 Die
588 2232 670 2281 Lehre
689 2247 739 2282 von
758 2231 807 2280 den
833 2228 1000 2281 Redetheilen
1019 2229 1084 2280 nach
1104 2229 1154 2280 ‹lan
1179 2229 1265 2281 Alten.
1294 2229 1382 2281 Berlin

140 2320 219 2384 18⁶2,
235 2336 279 2386 na·
300 2331 391 2385 assos·
489 2375 491 2380 .
528 2324 533 2335 '
920 2361 926 2375 .
1394 2370 1398 2378 .

156 2421 184 2478 Ι·
244 2410 380 2472 Lersch,
398 2408 665 2475 Sprachphilosophie
683 2410 730 2459 der
749 2408 877 2460 Griechen
896 2409 948 2459 und
967 2409 1071 2459 Romen.
1091 2408 1120 2458 B.
1139 2407 1173 2456 11.
1191 2422 1235 2481 pg,
1255 2417 1347 2472 93sqq.
1406 2425 1408 2429 ’

242 2478 412 2561 Steinthal,
431 2498 585 2571 Geschichte
595 2499 641 2548 der
651 2497 927 2564 Sprachvissenschait
945 2496 986 2548 bei
1000 2497 1050 2547 den
1061 2496 1189 2548 Griechen
1197 2495 1250 2546 und
1259 2497 1382 2546 Romern.

138 2581 142 2589 '
242 2589 360 2652 Lange,
383 2587 482 2651 System
501 2588 546 2638 der
565 2589 658 2652 Syntax
677 2589 723 2638 des
743 2587 973 2654 Apoll-Dyslrolos.
993 2587 1143 2651 Gottingen.
1165 2586 1242 2649 1852.

244 2677 340 2742 Jolly,
360 2676 515 2728 Geschichte
533 2678 578 2728 des
597 2678 721 2728 Infinitivs
738 2678 773 2728 im
792 2676 1064 2742 Jndogermanischen.
1084 2677 1212 2737 Minchen
1233 2674 1310 2739 1873.
1333 2662 1335 2667 ¹
1410 2676 1413 2684 '

241 2765 265 2834 ²)
284 2753 388 2816 Nostris
407 2768 575 2837 temporibus·
590 2768 654 2817 duae
679 2768 901 2832 grammaticorum
930 2774 1056 2831 umquam
1084 2772 1170 2831 partes
1189 2765 1321 2815 exsistunt.
1342 2762 1381 2811 Ex

136 2852 176 2903 his
186 2853 268 2918 alteri,
278 2855 409 2921 Zumptius
428 2858 465 2923 (ξ.
485 2856 558 2923 597),
577 2857 704 2922 Reisigius
724 2858 759 2922 (ξ.
779 2857 853 2924 444),
874 2855 1097 2907 Weissenbornius
1111 2855 1146 2928 (ᾗ.
1160 2854 1214 2923 70),
1233 2855 1383 2917 Krnegerus

87 2966 107 2987 -·
138 2947 175 3009 (3.
193 2943 311 3011 475,76),
330 2945 473 3021 Madvigius
492 2947 526 3008 (ξ.
546 2946 641 3009 389,'3
661 2948 737 3012 noh),
757 2948 897 2999 Seafiertus
916 2948 951 3009 l§.
971 2945 1044 3013 20'3),
1064 2945 1194 2995 Haaclrius
1215 2942 1250 3008 (ξ.
1274 2941 1382 3008 101),—

138 3035 223 3085 nullos
229 3035 343 3086 infinitivi
350 3045 425 3086 casus¹
431 3051 488 3086 esse
494 3032 591 3099 volunt,
607 3036 654 3086 nisi
665 3036 844 3086 nominativum
858 3042 883 3085 et
894 3035 1072 3098 accusativum,
1086 3033 1159 3085 alteri
1169 3010 1382 3097 linguaecompa·

138 3123 231 3176 rativae
238 3140 312 3190 quarn
318 3131 410 3176 vocant
417 3125 490 3189 gnari
509 3125 623 3175 infinitivi
637 3125 721 3177 Latini
734 3126 841 3175 formam
854 3141 884 3174 ex
898 3123 984 3176 dativo
994 3123 1127 3174 oriundam
1137 3138 1196 3174 esse
1206 3123 1383 3172 demonstrant
1423 3177 1426 3182 ,

135 3195 209 3280 eique
227 3230 331 3264 casuum
349 3214 442 3280 partim
460 3214 518 3279 plus
537 3215 629 3279 partim
649 3216 731 3265 minus
750 3216 870 3265 tribuunt.
897 3216 969 3278 Quae
992 3212 1166 3279 comparativa
1190 3227 1265 3277 quam
1289 3217 1383 3261 vocant

134 3302 277 3368 linguarum
301 3302 438 3375 disciplina
461 3303 497 3354 uti
521 3304 612 3353 multas
644 3305 706 3354 alias
737 3320 779 3354 res
806 3304 845 3353 vel
878 3302 1073 3354 obscurissimas
1102 3308 1191 3368 aperte
1221 3306 1296 3367 atque
1324 3315 1382 3365 per-

136 3392 224 3458 spicue
235 3393 364 3460 exposuit,
381 3395 416 3443 ita
434 3392 550 3444 infinitivi
569 3391 743 3459 quaestionem
761 3409 862 3459 quoque
880 3392 961 3458 magis
980 3393 1122 3455 illustravit,
1141 3392 1195 3457 sed,
1210 3397 1238 3440 ut
1256 3388 1381 3440 Venusini
1480 3412 1483 3419 ·

137 3482 207 3533 illius
224 3483 288 3534 vatis
306 3482 478 3534 candidissimi
498 3485 583 3535 verbis
602 3491 709 3546 utamur,
728 3483 811 3534 adhuc
835 3484 899 3532 »sub
921 3482 1004 3533 iudice
1022 3481 1071 3532 lis«
1092 3488 1139 3532 est.
1158 3481 1210 3532 Hic
1233 3478 1382 3531 nominandi

140 3576 198 3622 suut
226 3572 431 3623 Franciscus
455 3573 612 3640 Boppius‚
631 3574 674 3639 qui
692 3573 788 3638 primus
807 3572 832 3622 in
850 3556 1071 3638 praestantissimo
1096 3570 1141 3621 illo
1161 3570 1246 3631 libro,
1274 3569 1316 3634 qui
1344 3569 1381 3619 in·
1462 3560 1465 3565 ’

140 3658 261 3712 scribitur
288 3661 587 3728 ›coujugationssystem
605 3663 651 3712 des
670 3661 792 3725 Sanscrit,
811 3663 876 3723 Lat,
897 3660 1033 3735 Persisch,
1060 3660 1164 3711 Griech
1191 3660 1243 3710 und
1275 3658 1381 3709 Germa·

134 3749 219 3801 atiscli.
238 3750 375 3810 Fraulsfnrt
396 3750 480 3802 1816«
501 3781 535 3791 -
554 3747 689 3816 Jndorum,
708 3734 853 3814 Persarum,
872 3751 1039 3813 Graecorum,
1066 3753 1249 3812 Romanorum,
1272 3749 1381 3799 Germa·

136 3855 228 3890 norum
249 3840 343 3908 linguis
365 3841 518 3906 comparatis
537 3841 675 3892 infinitivus
693 3847 805 3891 veterum
834 3838 1049 3893 substantivorum
1067 3856 1140 3890 casus
1166 3839 1275 3905 quodam
1303 3839 1381 3889 modo

127 3930 275 3981 exstinctos
293 3931 485 3983 demonstravit.
505 3931 604 3996 Quibus
623 3929 717 3996 Boppii
741 3929 1003 3995 argumentationibus
1028 3929 1128 3980 excitati
1156 3927 1330 3994 quaestionem
1348 3928 1380 4002 de

111 4018 258 4072 ‚infinitivo
282 4027 454 4073 monuerunt
478 4020 547 4073 Guil.
572 4020 747 4081 Humboldt
776 4018 802 4069 in
827 4019 955 4084 Schlegeli
978 4019 1135 4069 bibliotheca
1161 4018 1247 4069 indica
1275 4018 1327 4068 vol.
1346 4017 1379 4069 11.

135 4112 182 4161 au?
196 4108 274 4171 1824.
287 4109 450 4173 Schmidt,
476 4104 547 4164 Uber
577 4111 626 4160 den
645 4108 765 4160 Infinitiv.
785 4109 893 4160 Ratibor
914 4108 991 4159 1826.
1001 4107 1109 4173 Ludvig,
1128 4107 1239 4159 infinitis
1251 4106 1286 4158 im
1298 4107 1380 4158 Veda.

136 4198 202 4265 Prag
220 4189 349 4266 1871.'E.
368 4200 497 4264 wilhelm,
514 4203 555 4262 De
581 4199 696 4251 infinitivi
714 4199 738 4250 vi
769 4207 795 4250 et
824 4207 922 4250 natura.
953 4198 1052 4250 lsenaci
1073 4199 1140 4261 1869
1162 4196 1220 4264 (lib.
1239 4195 1335 4264 schol.)
1353 4197 1395 4247 et'

122 4292 194 4342 .»De
210 4289 327 4343 infinitivi
345 4290 488 4357 linguarum
500 4289 656 4361 sansoniae,
680 4289 819 4352 bactricae,
842 4289 967 4356 persicae,
992 4305 1108 4356 graecae,
1127 4302 1212 4351 oscae,
1240 4288 1378 4351 umbricae,

130 4379 234 4451 latinae,
253 4379 357 4447 gotlcae
375 4380 458 4431 loma
476 4386 502 4430 et
520 4397 591 4430 usu«
611 4379 710 4431 lsenaci
732 4379 809 4445 1872.
829 4379 1041 4442 Schleicher,
1072 4380 1104 4429 G.
1136 4377 1282 4440 Curtius,
1314 4373 1380 4429 Leo

130 4473 260 4537 Meyer,
278 4465 469 4534 Delbruck,
488 4470 520 4522 E.
541 4471 686 4535 Herzog,
712 4471 760 4522 Fr.
786 4469 981 4533 Miklosich,
1006 4467 1077 4519 multi
1103 4469 1154 4532 alii,
1178 4483 1285 4535 quorum
1304 4484 1380 4534 opus·

111 4560 190 4616 ·cnla
207 4559 340 4616 hocloco
358 4558 459 4615 adferre
487 4560 554 4612 haud
573 4575 638 4627 opus
650 4558 719 4612 esse'
733 4559 840 4624 videtur,
859 4559 928 4628 quod
948 4576 979 4613 ea
1017 4557 1134 4611 omnibus
1158 4556 1293 4612 notissima
1316 4563 1382 4612 snut.
