3014 5116
741 211 781 288 29

659 313 864 324 m

238 365 413 464 praedico

143 493 197 568 21,
221 492 240 552 8
270 487 309 554 Ui
332 506 392 568 quo
415 486 474 550 isle
495 491 594 550 uester
616 485 782 567 expolitior
804 486 880 551 dous
903 492 957 566 esi,

252 591 323 656 Hoc
344 597 374 655 ie
396 589 535 671 amplius
567 589 683 654 bibisse
701 590 865 671 praedicet
885 590 950 655 ioii.
1295 669 1297 676 s
1371 672 1373 679 k

238 696 308 761 Hoc
331 695 402 760 loco
426 693 559 760 uerbum
580 694 791 776 proedicuudi
816 695 848 758 in
872 698 1002 760 notione
1022 694 1150 776 „poium
1170 693 1311 775 faciendi
1333 692 1383 758 uel

126 802 243 889 pulum
265 799 468 867 ostendendi“
493 811 542 863 est
564 805 764 882 usurpatum.

237 909 359 985 scribo

131 1034 183 1108 62,
211 1035 247 1093 11
274 1077 283 1093 .
306 1079 314 1097 .
338 1076 345 1094 .
369 1028 483 1092 scribis
513 1017 653 1092 Viuouuo
675 1033 766 1109 turpe
790 1025 913 1092 Coiullo
933 1029 1032 1100 14444.
1354 1124 1357 1127 ῃ

237 1133 308 1214 Quo
320 1132 392 1198 loco
415 1131 519 1196 scribo
542 1131 625 1196 idom
644 1130 731 1196 volut
746 1130 834 1216 quod
854 1131 990 1212 „litteris
1006 1130 1146 1216 aliquem
1163 1130 1204 1196 ds
1221 1129 1330 1216 aliqua
1347 1152 1382 1200 ru

133 1241 306 1308 certiorem
329 1237 446 1304 fuoio“.

235 1351 353 1405 VOVOO

134 1453 182 1525 lu,
206 1453 225 1514 3
249 1449 337 1517 Num
370 1449 498 1511 saucius
536 1444 649 1512 Veneri
682 1445 897 1528 Cupidinique

254 1552 355 1633 Vouii‚
386 1553 417 1615 si
445 1550 509 1614 sibi
530 1549 693 1614 resiiiulus
713 1570 810 1616 essem

255 1656 478 1736 Desissemqus
501 1662 605 1719 truces
632 1655 759 1718 uibrare
771 1653 911 1733 iambos,

257 1760 495 1827 Eleoiissiusmo
520 1759 650 1840 pessimi
667 1763 780 1840 posius

265 1866 389 1946 Scripta
412 1865 571 1945 tardipedi
594 1863 649 1928 deo
672 1864 823 1928 daturum

265 1967 446 2050 qudioibus
461 1969 634 2033 usuduudu
657 1969 762 2050 iipuis.

244 2073 311 2139 Hoc
341 2073 412 2138 loco
454 2095 517 2138 non
559 2075 663 2138 secuti
707 2074 919 2158 Peiperum').
952 2076 1006 2157 qui
1028 2093 1029 2097 ’
1053 2095 1113 2161 pro
1158 2075 1380 2156 „electissimo

89 2202 92 2207 ·
141 2165 248 2258 legero
280 2178 350 2243 vult
375 2200 426 2258 ,44
460 2180 661 2258 lestussum,
697 2179 915 2244 accusativum
951 2180 1087 2244 subiecti
1121 2200 1155 2245 se
1185 2186 1218 2244 et
1259 2180 1290 2243 iu
1325 2180 1378 2244 du·

145 2293 247 2347 uirum
273 2305 341 2349 4444
363 2305 435 2348 oum
452 2285 562 2350 Riesio
588 2290 620 2347 et
643 2283 841 2349 Baehrensio
863 2289 970 2348 mente
987 2283 1183 2367 supplemus.
1201 2284 1380 2350 Pronomen

140 2391 224 2454 enim
237 2395 271 2453 ui
283 2389 315 2455 iu
331 2390 647 2455 omuibusssuiieudi
658 2393 692 2453 et
716 2387 851 2468 dicundi,
866 2425 902 2436 -
918 2388 1008 2452 ouius
1035 2389 1163 2470 generis
1186 2387 1289 2454 mulia
1320 2390 1382 2452 ium

143 2494 320 2560 adtulimus
344 2495 501 2577 exempla,
524 2532 564 2542 -
596 2496 642 2558 ita
665 2494 697 2559 iu
720 2493 853 2557 iuruudi
886 2498 919 2557 el
959 2493 1091 2558 vovendi
1124 2498 1228 2559 uerbis
1271 2492 1384 2559 eodem

143 2599 291 2666 subiecto
315 2620 381 2663 nun
418 2598 520 2663 solum
559 2600 644 2684 apud
682 2605 804 2684 poetas,
843 2599 900 2664 ssd
945 2598 1042 2663 etiam
1082 2597 1168 2682 apud
1206 2598 1381 2682 sosiptoros

141 2704 302 2789 pedestris
331 2703 486 2769 orationis
517 2706 621 2769 omitti
645 2704 762 2769 docent
796 2704 980 2786 Druegerus
1024 2705 1067 2787 (2,
1110 2706 1198 2783 454),
1230 2700 1378 2767 Holtzius

141 2813 206 2894 (op.
230 2809 286 2874 cit.
310 2813 328 2873 2
351 2829 404 2892 pg.
426 2813 466 2873 33
490 2810 563 2895 sq.),
585 2808 776 2874 Kushuerus
799 2812 843 2890 (2,
864 2829 882 2891 p
917 2813 978 2873 516
1003 2814 1062 2893 sq).

240 2912 287 2978 De
310 2912 372 2978 hoc
397 2913 495 2978 uerbo
518 2913 577 2977 cl'r.
603 2913 717 2994 Draeg.
743 2917 772 2989 2,
797 2918 870 2991 440,
896 2921 914 2979 5
938 2919 982 2998 4).

237 3018 329 3083 Duae
354 3024 480 3083 restani
514 3017 607 3084 nobis
641 3017 821 3082 locutiones
856 3017 981 3084 duabus
1016 3022 1202 3085 constantes
1241 3019 1382 3098 vocibus,

61 3177 67 3183 .
127 3145 228 3208 quus
253 3123 338 3207 quod
362 3123 451 3191 verbi
484 3123 650 3188 cuiusdam
674 3124 799 3188 dicendi
822 3125 984 3188 notionem
1008 3122 1130 3190 habeus
1153 3141 1381 3210 eaequoucou·

140 3230 278 3294 sativum
302 3250 328 3293 c.
353 3228 408 3294 inf.
432 3229 605 3312 excipiunt,
630 3228 680 3292 hio
703 3229 778 3312 poni
802 3228 967 3294 uideuiui:
1321 3248 1323 3251 ’

240 3336 338 3410 lama
365 3343 530 3410 susurrat

128 3460 183 3536 68,
211 3459 250 3520 19
274 3456 398 3534 Nesus,
422 3455 500 3537 quid
512 3461 591 3519 seru
605 3461 799 3521 ssuuuuere
818 3455 908 3537 fumo
925 3460 1074 3519 susurros

281 3560 428 3625 Grundiu
441 3567 469 3624 ie
487 3560 581 3623 idedu·
594 3566 678 3624 iudo
700 3580 813 3624 uorure
835 3559 925 3625 uiri?

237 3667 385 3743 nuntius
412 3670 563 3742 affertur

126 3792 180 3868 69,
213 3792 251 3854 16
278 3786 359 3854 Cum
382 3788 485 3853 subito
508 3788 642 3868 offertur
664 3787 796 3853 uuuiius
818 3786 993 3867 horribilis,

274 3891 387 3958 Ionios
406 3893 523 3976 dusius
546 3942 553 3955 .
576 3941 585 3957 .
609 3942 617 3961 .
642 3937 650 3956 .

276 3997 351 4063 Ium
370 4019 433 4063 uon
455 3999 567 4063 Ionios
589 4017 666 4073 4444,
689 3997 746 4063 sed
769 3997 914 4064 Hionios.

236 4160 381 4259 postulo
690 4158 723 4240 e)

127 4321 180 4400 58,
203 4322 224 4383 4
247 4317 311 4384 sed
334 4318 389 4400 qui
410 4337 444 4381 se
463 4307 709 4398 terro'posiulei
730 4328 798 4381 4444
816 4314 947 4400 purum?

232 4423 280 4488 De
303 4421 365 4488 hoe
388 4442 448 4487 usu
471 4421 529 4486 cir.
555 4420 672 4504 Druog.
697 4425 726 4502 2,
749 4427 823 4500 441,
846 4426 865 4485 6
889 4422 933 4504 e).

236 4615 258 4685 ¹)
278 4616 397 4682 Beitrdge
415 4633 459 4668 zur
478 4615 565 4668 Kritik
583 4615 630 4666 des
649 4617 773 4668 Catullus,
793 4615 897 4666 Breslau
920 4615 997 4682 1873.
