3014 5116
735 236 774 301 18

655 322 861 339 ᾖξε-

240 455 325 547 opto

133 575 187 651 42,
214 573 252 634 12
275 567 434 632 Auratum
458 571 603 647 optantes
629 564 754 631 Colchis
777 571 916 632 euertere
932 565 1058 648 pellem.

133 682 185 754 44,
209 678 249 739 29
274 672 420 738 Proicere
442 671 567 752 optauit
586 670 704 751 potius.

134 784 182 860 79,
208 784 249 844 29
272 778 351 864 Ipse
372 776 478 842 volere
500 781 573 857 opto
597 780 626 839 et
647 779 785 840 taetrum
808 774 892 840 tone
914 777 1067 857 deponere
1088 775 1242 842 morbum.

128 889 179 962 21,
207 890 245 948 15
270 891 310 965 ,²32
335 932 344 947 .
369 903 432 964 quo
455 881 544 946 lubet
566 901 632 944 esse
655 885 748 944 notus
771 880 893 961 optus?

237 986 405 1070 Exemplis
427 1005 446 1050 a
468 985 636 1064 Draegero
661 987 705 1064 (2,
729 989 801 1059 416,
826 987 861 1067 4)
884 984 1003 1050 adlatis
1019 985 1168 1051 addimus
1179 985 1269 1050 locos
1282 983 1374 1050 Ovid.

129 1094 183 1158 Ex
209 1093 243 1156 Ρ.
271 1098 296 1162 1,
321 1097 350 1171 3,
375 1096 431 1168 33;
453 1088 551 1154 Lucil.
576 1094 604 1165 6,
629 1095 659 1168 53
683 1088 752 1153 Vul.
782 1089 828 1153 ll.
866 1091 939 1170 Arg.
966 1096 995 1165 3,
1020 1095 1092 1171 6873
1127 1096 1155 1166 7,
1191 1094 1263 1169 1093
1297 1089 1376 1155 Hor.

133 1197 239 1280 Epod.
265 1202 312 1267 17,
336 1201 386 1276 68;
410 1195 442 1261 S.
468 1201 493 1270 1,
521 1201 546 1270 1,
572 1199 623 1274 19,
646 1194 704 1278 Ep.
730 1200 755 1273 1,
784 1202 832 1272 14,
863 1200 1119 1276 4121266.
1157 1195 1249 1280 Verg.
1287 1198 1322 1261 Α.
1347 1201 1378 1274 6,

133 1304 207 1380 son
233 1308 262 1379 a,
288 1305 338 1379 293
364 1305 392 1379 a,
417 1304 489 1380 6353
516 1304 565 1379 12,
589 1304 662 1379 aaa
687 1301 724 1364 o.
750 1306 778 1378 a,
802 1306 854 1364 41.

236 1406 264 1469 A
290 1405 417 1469 solutae
453 1405 611 1469 orationis
648 1406 860 1488 scriptoribus
884 1406 1117 1472 Ciceronianae
1141 1426 1238 1490 quam
1260 1413 1379 1475 vocant

128 1511 250 1576 aetatis
272 1510 429 1575 infinitivo
455 1510 714 1574 coniunctionem
740 1510 868 1573 finalem
892 1517 927 1574 ut
950 1510 1045 1593 longe
1080 1512 1238 1594 praeferri
1260 1511 1379 1578 docent

131 1613 288 1697 exempla,
312 1616 451 1698 quaein
475 1613 596 1679 Klotnii
620 1613 724 1678 lexico
749 1615 808 1679 sub
841 1613 902 1678 hoo
936 1615 1035 1679 verbo
1070 1623 1258 1681 enumerata
1290 1624 1376 1682 sunt.

235 1720 330 1804 Apud
353 1719 515 1784 Catullum
540 1727 611 1801 opto
651 1739 708 1802 per
744 1726 780 1785 ut
815 1740 887 1783 cum
925 1720 1146 1785 enuntiatione
1183 1719 1376 1788 secundaria

129 1828 277 1910 iungitur
301 1831 350 1903 55,
376 1831 425 1892 15.

239 1956 366 2008 Vereor

135 2042 184 2116 55,
211 2040 261 2101 18.
283 2036 391 2118 Impia
415 2055 479 2100 ooo
501 2034 602 2100 verite
624 2041 671 2100 est
692 2035 782 2100 diuos
804 2038 957 2100 scelerare
976 2040 1127 2117 pmeotes

282 2139 397 2205 Omnia
418 2139 523 2222 tundo
544 2141 686 2223 nefando
708 2139 793 2205 malo
812 2140 973 2221 permisto
994 2144 1104 2216 furore

277 2245 458 2328 Iustipteom
480 2244 571 2310 nobis
592 2249 726 2310 mentem
749 2250 890 2310 auertere
913 2246 1052 2311 deorum.

233 2351 282 2416 De
305 2350 367 2416 hoo
386 2369 447 2414 usu
470 2349 528 2414 cfr.
552 2350 670 2430 Draog.
694 2353 722 2429 2,
746 2353 819 2430 424,
844 2354 861 2413 9
896 2350 939 2436 s).
964 2349 1127 2432 Exemplis
1150 2350 1242 2419 abeo
1256 2349 1375 2416 adlatis

131 2456 338 2539 adiungimus
351 2455 439 2519 locos
452 2454 530 2519 Hor.
544 2454 575 2520 S.
589 2459 618 2533 2,
632 2459 661 2532 3,
674 2457 726 2534 403
751 2452 836 2536 Verg
851 2454 887 2518 Α.
900 2458 928 2534 6,
945 2458 1018 2536 613,
1031 2453 1123 2521 Ovio.
1146 2453 1242 2519 Trist.
1257 2459 1286 2535 4,
1301 2459 1329 2539 5,
1344 2462 1372 2524 5.

233 2589 356 2656 metuo

132 2708 186 2783 41,
210 2706 229 2767 3
252 2701 311 2768 Nil
333 2704 474 2766 neetuunt
495 2700 615 2765 iurare.

239 2806 284 2872 De
308 2805 371 2870 hoo
393 2804 491 2869 verbo
526 2805 583 2873 cfr.
617 2803 734 2885 Draeg.
759 2808 788 2883 2,
808 2789 886 2882 424,
921 2806 1006 2887 91),
1045 2804 1198 2869 Dittelius
1230 2827 1282 2890 op.
1318 2806 1371 2873 uit.

127 2933 184 2996 pg.
211 2915 260 2992 ¹03
288 2909 443 2975 Kruusius
466 2930 519 2993 op.
543 2912 596 2976 eit.
621 2930 671 2992 pg.
701 2914 750 2973 26.

236 3019 367 3094 horreo

138 3141 171 3217 9,
197 3142 234 3202 19
253 3158 309 3223 sqq
312 3183 533 3206 .....
577 3157 751 3218 munusque
769 3142 892 3202 uestros

339 3245 414 3309 Non
436 3242 604 3308 horrebitis
628 3262 799 3308 ammonere
820 3241 921 3308 nobis.

235 3348 335 3413 Errat
357 3349 456 3430 igitur
488 3348 683 3430 Dra'egerus,
707 3368 779 3411 oum
803 3345 843 3412 de
878 3347 938 3412 hac
961 3351 1136 3425 structura,
1170 3367 1254 3432 quae
1287 3348 1375 3432 apud

127 3452 302 3519 Horatium
326 3474 483 3537 nusquam
508 3452 637 3535 legitur,
671 3472 835 3536 exponens
869 3457 911 3530 (2,
936 3457 1045 3527 424,9
1070 3457 1117 3536 al)
1141 3453 1187 3518 ita
1211 3452 1373 3518 affirmare

131 3565 265 3643 pergat:
289 3558 451 3640 „llorrere
475 3559 532 3641 (so.
554 3580 581 3624 c.
603 3556 673 3640 inf.)
704 3558 783 3622 aber
806 3563 873 3621 erst
895 3559 957 3622 seit
991 3554 1085 3638 Verg.
1109 3560 1187 3638 Α.2,
1206 3564 1245 3623 12
1269 3607 1277 3622 .
1300 3607 1307 3623 .
1332 3603 1340 3620 .
1365 3606 1373 3623 .

134 3662 199 3727 ihm
221 3661 306 3746 folgt
330 3663 395 3728 Liv.
423 3669 451 3741 ’1,
476 3667 526 3736 30,
553 3667 591 3726 23
617 3708 626 3725 .
650 3711 656 3725 .
680 3661 746 3726 und
770 3661 853 3725 noch
877 3661 1056 3743 Ammian“,
1081 3663 1198 3746 quibus
1232 3663 1371 3729 adicien·

128 3767 161 3832 di
196 3774 275 3833 sunt
307 3767 370 3833 looi
393 3766 483 3833 Ouid.
509 3787 548 3831 ex
573 3767 605 3832 P.
631 3771 659 3846 2,
685 3771 713 3844 2,
740 3771 790 3847 28,
820 3766 916 3832 lrist.
954 3769 981 3844 l,
1010 3772 1035 3849 l,
1061 3772 1112 3849 863
1137 3768 1201 3834 Cio.
1236 3767 1277 3834 de
1310 3769 1372 3852 leg.

125 3894 197 3956 agr.
223 3877 253 3952 a,
280 3877 331 3953 37,
357 3876 428 3937 101.

234 3976 338 4042 Simili
351 3976 447 4042 modo
462 3976 636 4042 infinitivus
650 3979 809 4044 subicitur
832 3978 948 4059 verbis,
972 3977 1090 4062 quibus
1105 3978 1237 4061 effeetus
1254 3979 1372 4063 aliquis

127 4082 334 4165 designatur:

233 4209 344 4266 ΟΘΓΠΟ

126 4315 179 4390 47,
205 4315 224 4375 7
249 4359 257 4374 .
281 4358 288 4376 .
313 4360 321 4375 .
344 4316 374 4377 et
392 4311 502 4394 potius
521 4331 710 4394 permanans
733 4311 877 4377 omittere
900 4313 993 4394 ereoi,

259 4415 362 4498 Quom
384 4416 443 4482 tibi
462 4416 576 4499 folloei
596 4436 742 4498 supremo
764 4415 800 4481 in
823 4421 961 4498 tempore
982 4418 1130 4486 deessem.

232 4519 304 4586 Hoo
327 4519 460 4587 verbum
483 4520 569 4586 idem
591 4521 679 4587 valet
701 4520 788 4605 quod
811 4521 952 4604 doceam,
976 4523 1064 4607 quod
1087 4522 1175 4608 apud
1195 4521 1371 4601 Catullum,

124 4623 301 4710 Tibullum,
325 4624 498 4694 Horatium
520 4646 680 4715 nusquam
698 4626 829 4712 legitur.
