3014 5116
753 128 793 192 10

671 216 876 229 ---..-

252 423 344 499 satis
373 431 430 498 est
777 335 791 421 )

147 543 197 621 60,
222 547 259 608 ll
286 542 359 609 Non
381 543 463 608 istrie
485 542 566 607 sutis
588 547 634 608 est
655 563 718 609 uuo
742 545 896 631 te'dioere
918 549 1018 628 uerbo,

291 647 355 714 Sed
375 647 483 729 furere
506 695 514 713 .
540 695 548 710 .
573 691 581 709 .

148 757 178 831 4,
200 756 238 818 21
267 753 346 818 Tam
368 759 397 818 te
420 753 511 818 ousia
533 753 634 818 eruite
656 753 780 818 basiare

143 923 146 928 ,
255 855 381 934 Vesano
403 858 486 924 sotis
508 864 539 926 et
558 879 655 940 super
682 857 808 925 Ootuilo
831 865 885 926 est

754 968 785 1046 0)

251 1051 358 1127 decet

148 1157 197 1238 10,
225 1159 263 1220 14
285 1155 373 1222 Nam
395 1159 517 1221 costum
540 1173 605 1221 esse
627 1154 712 1221 deret
730 1155 824 1238 pium
844 1162 971 1237 poetam

248 1259 364 1342 Ipsum
386 1309 395 1326 .
420 1309 459 1326 ..

146 1370 197 1445 36,
222 1369 306 1430 5-8
353 1415 360 1430 .
405 1413 413 1431 .
458 1417 466 1432 .
512 1414 519 1430 .
564 1365 736 1431 uenderet

355 1471 436 1536 Tora
458 1475 547 1536 uetus
568 1469 637 1534 siue
658 1470 768 1538 tiberis

352 1577 475 1641 Nemee
498 1595 572 1655 esse,
595 1575 651 1640 sed
673 1575 815 1641 indidem

353 1680 484 1762 Semper
506 1680 690 1763 iopenerori

144 1791 194 1868 39,
218 1789 259 1852 30
285 1785 351 1867 Quo
373 1806 432 1852 uos
454 1785 539 1851 deret
560 1786 666 1851 citetis
688 1787 823 1852 celerare
846 1788 1011 1870 tripudiis,

686 1950 839 1958 ——-.

586 2071 828 2149 CAPUT
874 2073 945 2150 III.

299 2246 336 2312 Β.
359 2246 416 2310 DE
439 2245 671 2312 INFINITIVO
697 2247 948 2314 AGCUSATIVI
974 2249 1017 2313 VI
1035 2249 1241 2314 PRAEDITO.

560 2409 815 2461 1.1un1u1r1vus
834 2411 961 2460 Munus

248 2530 445 2614 Primigenia
467 2531 514 2596 vis
538 2532 694 2611 infinitivi,
720 2554 813 2615 quom
839 2534 918 2596 nihil
942 2534 1030 2598 aliud
1054 2557 1123 2600 esso
1156 2536 1217 2600 nisi
1241 2535 1384 2623 dativum

144 2635 338 2702 substantivi
376 2635 543 2701 cuiusdam
580 2635 720 2702 verbalis
757 2637 815 2700 viri
856 2640 1094 2720 comparativae
1133 2661 1230 2722 quam
1268 2647 1386 2706 uocant

145 2739 327 2824 linguarum
351 2741 540 2825 disciplinae
564 2743 657 2824 gnari
682 2743 809 2820 docent,
834 2765 874 2808 ex
896 2744 1002 2809 uerbis
1025 2750 1179 2810 motum
1202 2746 1388 2827 significan·

144 2846 231 2912 tibus
254 2848 376 2932 optime
400 2850 539 2931 perspici
575 2854 693 2932 potest.
728 2849 785 2914 His
819 2851 925 2916 verbis
961 2856 1083 2914 motum
1122 2851 1386 2933 significantibus,

144 2957 218 3035 post
230 2972 313 3035 quae
333 2973 352 3017 a
375 2954 607 3034 posterioribus
631 2954 756 3018 solutae
779 2956 970 3036 praesertim
995 2958 1149 3023 orationis
1176 2956 1388 3039 scriptoribus

144 3057 295 3140 supinum
315 3057 346 3120 in
370 3055 586 3122 umadhiberi
611 3057 703 3137 solet,
719 3064 751 3122 et
765 3058 851 3141 apud
873 3057 1033 3124 Catullum
1059 3059 1233 3124 infinitivus
1269 3060 1388 3142 legitur

145 3163 411 3228 adnumeremus:

275 3275 315 3326 er
343 3276 364 3327 0

145 3375 195 3454 30,
220 3277 341 3456 61³5qu
360 3371 465 3454 Quare
487 3393 544 3455 ope
567 3372 627 3439 bue
650 3372 773 3438 aditum
794 3374 900 3455 fereris

353 3477 453 3560 Peroe
474 3477 615 3560 linquere
640 3477 793 3562 Thespiae

351 3582 459 3664 Rupis
480 3583 603 3648 Aonios
624 3602 745 3664 sperus,

247 3703 338 3768 Idem
373 3705 506 3771 verbum
540 3706 675 3787 legimus
712 3707 809 3772 etiam
834 3711 884 3786 35,
918 3711 958 3770 23
995 3705 1116 3788 (Peme,
1141 3727 1179 3770 ue
1200 3705 1387 3787 remorare),

146 3811 253 3876 sedeo
277 3810 348 3876 looo
371 3833 391 3876 a
414 3815 513 3895 poeta
536 3811 685 3878 absoluto
709 3818 900 3893 usurpatum
922 3811 1007 3874 idem
1031 3808 1283 3890 feresignifioat,
1299 3808 1386 3891 quod

147 3915 390 4000 „proficisoero“
416 3936 520 3998 neque
543 3914 718 3980 infinitivus
746 3917 830 3995 „iro“
858 3914 1030 3996 suppleri¹)
1057 3918 1174 3994 potest.

142 4107 235 4158 diutius
263 4109 348 4159 locum
377 4109 488 4159 obtinuit
514 4109 556 4170 ita,
581 4115 608 4158 ut
641 4125 673 4158 ne
701 4107 869 4157 nobilissimis
902 4106 1003 4170 quidem
1036 4104 1120 4170 poetis
1152 4105 1261 4170 Augusti
1292 4113 1384 4169 aetate,

137 4197 266 4263 Vergilio,
286 4197 405 4260 Horatio,
426 4199 560 4263 Propertio
579 4198 694 4248 infinitivi
714 4198 740 4246 iu
759 4197 804 4246 ier
836 4204 955 4246 exeuntes
987 4211 1092 4259 prorsus
1114 4195 1206 4246 desint.
1238 4197 1278 4244 De
1298 4212 1347 4260 qua
1360 4210 1387 4244 re

33 4275 37 4282 ⁴
139 4294 245 4352 egerunt
264 4288 376 4352 Longius
395 4287 422 4336 in
441 4290 497 4338 Act.
518 4290 588 4339 acad.
609 4288 759 4337 Vindobou.
776 4295 837 4336 tom.
858 4289 880 4334 X
899 4294 924 4335 et
943 4285 1028 4334 XXVI
1042 4301 1088 4350 pg.
1106 4295 1153 4347 115
1172 4301 1225 4350 sqq.
1243 4286 1386 4334 Corssenus

141 4378 222 4438 symb.
242 4377 297 4426 crit.
317 4393 360 4442 pg.
378 4376 439 4438 465.
459 4377 593 4439 Reeckius,
614 4379 654 4426 De
674 4376 874 4426 Catullianoruiu
895 4375 1040 4424 Curminum
1060 4389 1087 4422 re
1106 4376 1275 4437 grammatica
1294 4380 1319 4421 et
1338 4389 1388 4422 me-

144 4467 216 4518 trica.
236 4465 404 4516 Vratislaviae
423 4482 466 4530 pg.
487 4479 530 4530 31.

246 4552 268 4625 l)
287 4554 419 4606 Riesius
438 4556 465 4606 in
484 4555 649 4607 adnotatione
668 4553 767 4604 adiecta
785 4553 818 4602 ad
837 4552 903 4602 hunc
923 4552 1008 4603 locum
1027 4569 1071 4618 pg.
1094 4553 1151 4603 128.
