3014 5116
20 463 31 505 .·
103 429 105 433 ⁴
208 418 307 507 corii
336 438 394 507 cst

14 612 21 629 ,
103 552 222 633 22,-29
244 551 359 634 quitus
380 551 445 617 nou
466 555 511 616 est
529 551 535 634 Ι
558 549 657 618 Ouidi
681 549 843 620 (intuitum
864 552 995 622 medere.

207 652 306 722 (iuius
325 661 510 724 structurae
532 655 682 740 ponimus
703 652 793 724 locos
816 656 920 726 Plaut.
944 657 1043 725 Most.
1057 662 1138 740 3223
1154 657 1246 743 Oapt.
1265 662 1340 740 5553

101 759 198 846 Prop.
221 764 253 840 4,
277 765 306 839 6,
330 764 380 826 20.
406 758 472 826 cn.
495 760 613 845 liraeg.
638 766 667 827 2.
691 764 765 843 445,
790 767 818 828 1.
881 813 914 834 ,.
1007 766 1012 775 ’
1373 787 1377 794 ·

204 863 241 949 d)
265 862 454 932 Subiectum
479 865 711 933 enuntiationis
733 873 783 933 est
805 867 991 949 infinitivus,
1014 867 1236 952 praedicatum
1261 887 1337 952 pro·

27 962 30 967 ’
87 954 220 1037 422222222
241 967 384 1053 aliquod:

207 1101 364 1171 vestrum
393 1104 452 1172 est

62 1256 66 1263 ·
104 1217 153 1295 70,
176 1217 213 1279 21
243 1213 349 1296 Odit,
372 1215 401 1281 si
423 1220 561 1281 uestrum
582 1224 629 1282 cat
650 1215 803 1298 misereri,

202 1317 272 1385 cfr.
292 1319 406 1386 Horat.
431 1319 465 1384 0.
489 1324 518 1388 3
542 1324 593 1400 29,
617 1325 710 1385 67-
725 1325 785 1399 597
808 1321 840 1389 S
862 1327 892 1402 2
916 1328 945 1397 3
970 1326 1026 1402 743
1050 1319 1139 1389 Ovid.
1151 1249 1340 1404 Η22.4,29;
1415 1346 1419 1351 ’
1458 1380 1465 1397 .

98 1441 139 1487 ex
161 1412 253 1489 Pont.
268 1426 308 1511 4,
332 1429 362 1506 2,
386 1429 450 1505 33;
472 1422 558 1490 Fast.
581 1428 612 1507 4,
635 1429 707 1506 889;
733 1418 828 1509 Virg.
847 1426 886 1493 Ε
910 1432 939 1506 3,
962 1433 1013 1508 453
1036 1425 1132 1512 Prop
1158 1432 1184 1506 1,
1208 1431 1237 1509 6,
1263 1433 1312 1494 13.

203 1532 236 1608 2)
259 1502 438 1595 infinitivus
461 1522 691 1596 enuntiationis
724 1528 902 1596 subiectum
940 1532 1146 1612 coniungitur
1175 1552 1249 1598 cum
1282 1532 1340 1608 ad·

100 1631 218 1698 iectivo
238 1631 481 1716 praedicativo.

95 1820 100 1829 .
190 1777 361 1859 ¹aequum
389 1768 446 1835 eat

105 1882 157 1961 38,
174 1881 216 1945 28
238 1880 312 1945 Non
333 1898 466 1963 aequum
487 1884 534 1947 eat
546 1900 701 1966 pupuure.
819 1886 835 1905 ”

179 2078 183 2086 ,
205 1973 351 2081 difficile
377 2013 440 2082 est

99 2127 149 2206 70,
174 2128 215 2190 17
237 2121 382 2208 Dilfiute
403 2131 451 2194 est
470 2127 599 2212 lcnpum
621 2128 723 2196 subito
745 2128 898 2212 deponere
920 2148 1067 2195 aurorem.

200 2248 320 2329 dulce.
337 2261 397 2327 eat

98 2373 150 2451 66,
173 2374 216 2435 26
237 2371 312 2438 Lan
333 2393 413 2454 meu,
436 2393 499 2456 quc
520 2373 595 2438 ciuu
617 2374 721 2440 uicere
742 2373 833 2441 dulce
855 2372 933 2439 milri
955 2377 1010 2438 est.

202 2473 274 2543 Uno
295 2476 372 2544 loco
396 2477 602 2561 coniungitur
623 2477 812 2560 infinitivus,
835 2477 892 2565 qui
914 2477 1051 2544 subiecti
1067 2477 1171 2544 instar
1186 2482 1243 2557 est,
1266 2497 1339 2542 cnm

97 2574 241 2663 gamanvi
260 2580 420 2649 adiectivo
443 2581 681 2668 praedicativo:

102 2705 218 2785 listi
239 2698 433 2786 Aut'fucere
455 2706 610 2791 iupenuue
631 2710 685 2772 est·
699 2711 758 2774 aut
778 2727 842 2776 unu
858 2705 1014 2790 promisse
1042 2706 1065 2790 ¹)
1083 2704 1231 2788 pudicae,
1385 2780 1390 2787 Ι

200 2854 269 2928 par
304 2836 363 2905 est
986 2920 988 2925 .

97 2952 192 3031 37,7
240 2997 248 3015 .
291 3000 300 3019 .
454 2999 462 3016 .
509 2999 516 3016 .
561 2941 922 3035 quoonereparese

101 3055 157 3133 767
180 3059 194 3117 i
221 3052 256 3119 et'
268 3060 294 3144 ι2
318 3053 383 3121 seu
404 3054 506 3121 cuiuis
527 3056 673 3139 quamuis
692 3055 802 3139 potius
823 3055 1022 3123 succumbere
1039 3059 1182 3139 purast,
1210 3124 1217 3137 ⁸
1281 3054 1287 3067 '

308 3161 411 3241 Quum
432 3163 566 3226 matrem
586 3160 709 3241 fratres
730 3161 853 3244 efficere
875 3180 913 3226 en
931 3165 1060 3242 patruo.

190 3294 352 3365 necesse
372 3293 429 3360 est
458 3299 486 3386 2)
584 3386 592 3397 ὓ

95 3403 149 3483 32,
175 3408 190 3469 l
215 3403 265 3472 ire
284 3424 408 3473 neeesse
430 3411 485 3473 est.

209 3597 233 3664 ι)
245 3598 303 3653 Hoc
321 3600 380 3652 loco
399 3616 460 3651 usus
480 3607 520 3650 est
539 3601 653 3652 Catullus
673 3600 790 3651 breviore
809 3600 926 3651 infinitivi
944 3599 1049 3665 persecu
1068 3600 1150 3673 forma
1169 3597 1338 3664 »promisse«,
1384 3623 1388 3631 ·
1452 3597 1457 3606 '

101 3685 318 3753 quumliceniiam
338 3689 426 3741 rustici
444 3690 569 3741 sermonis
588 3707 641 3740 uou
660 3690 742 3741 solum
760 3696 853 3755 poetae
873 3689 997 3754 imprimis
1015 3695 1114 3740 veteres
1133 3686 1244 3740 scaenici
1268 3701 1339 3737 usur·
1382 3722 1384 3726 1

93 3782 225 3842 perenm
240 3778 301 3829 satis
322 3778 476 3845 frequenter,
495 3781 541 3831 sed
560 3796 592 3831 ne
611 3780 743 3845 pedestres
763 3779 864 3845 quidem
883 3779 1023 3845 scriptores
1042 3778 1221 3830 dubitaverunt
1239 3763 1339 3827 brevio·

91 3863 212 3917 resilias
230 3868 366 3919 verborum
386 3868 483 3919 formas
502 3869 654 3935 praesertim
672 3869 779 3935 perlecti
797 3877 823 3919 et
840 3868 915 3920 futuri
942 3869 1023 3923 exacti
1054 3868 1180 3920 interdum
1207 3867 1338 3918 adhibere.

90 3955 182 4023 ltaque
200 3955 310 4023 legimus
329 3958 398 4024 apud
416 3946 556 4009 Catullum:
586 3958 672 4009 misti
696 3972 721 4022 9,
747 3959 771 4022 83
800 3959 881 4010 luxti
912 3970 955 4024 57,
977 3972 1016 4023 13;
1044 3958 1211 4024 subrepsti
1240 3959 1284 4021 68,
1313 3970 1338 4022 33

91 4042 181 4097 duxti
201 4056 244 4111 71,
263 4060 307 4111 297
327 4048 484 4099 abstersti
506 4060 547 4113 73,
569 4048 609 4111 183
629 4049 778 4114 promisti
799 4059 839 4114 75,
860 4063 903 4114 237
922 4067 1061 4115 recepso
1090 4049 1133 4116 (ex
1162 4047 1337 4115 receper(s)o)

94 4144 136 4197 23,
156 4134 199 4198 167
217 4135 307 4188 tristi
328 4148 369 4203 57,
383 4150 425 4190 22.
444 4139 497 4189 Cir.
510 4138 638 4204 Reisigins
651 4139 710 4189 Scir.
731 4135 787 4190 Lat.
801 4144 824 4204 §-
847 4152 896 4201 144
912 4147 938 4191 et
957 4144 1101 4191 Corssenus
1114 4139 1147 4189 11.
1160 4155 1203 4204 pg.
1218 4148 1268 4202 553
1282 4153 1338 4203 sqq.

199 4224 224 4291 2)
248 4208 391 4279 Necesse
414 4227 565 4279 adiectivnm
584 4234 623 4278 est
641 4227 792 4293 defectivum
803 4229 915 4280 neutrius
928 4229 1031 4295 generis
1050 4246 1065 4279 2
1082 4226 1229 4278 uecessis
1248 4232 1337 4291 postea
1406 4223 1411 4233 ¹

94 4326 278 4367 »necessum
301 4323 365 4368 este
386 4317 485 4384 priscae
513 4316 614 4382 linguae
644 4317 744 4380 latinae,
765 4335 823 4378 uam
848 4335 1003 4370 necessus
1027 4311 1211 4369 substantivum
1234 4321 1341 4382 quartae¹
1413 4331 1417 4336 ’

87 4401 271 4457 declinationis
289 4422 347 4459 esse
364 4406 471 4458 videtur.
490 4406 543 4457 Cir.
557 4407 617 4459 Ter.
631 4407 695 4466 Eun.
706 4408 758 4470 998
771 4407 845 4474 »qnia
862 4424 982 4460 necessus
1000 4407 1046 4458 suit
1059 4409 1108 4458 hoc
1120 4407 1230 4460 iacere«.
1245 4406 1336 4484 Heaut

89 4503 143 4557 119
162 4498 212 4551 »nt
230 4493 267 4545 sit
284 4503 431 4548 necessus«
453 4495 506 4548 Cir.
526 4496 678 4548 Kuehnerns
700 4509 726 4560 1,
748 4509 806 4560 122,
827 4508 851 4561 7.
1206 4510 1209 4516 ·
