3014 5116
738 163 775 235 31

240 375 286 441 Ae
320 375 459 460 primum
486 375 617 458 quidem
638 375 820 443 ,offendunt
855 396 913 441 nos
944 378 976 448 in
1009 374 1065 440 illa
1098 374 1247 454 lectione,
1267 396 1380 460 quam

129 478 261 548 Riesius
286 485 319 544 et
342 479 558 544 Baehrensins
593 481 624 544 in
662 487 785 545 textum
820 487 1024 564 receperunt,
1059 480 1148 546 varis
1170 502 1209 545 ae
1232 480 1317 544 inter
1340 500 1375 544 se

130 585 354 669 discrepantia
367 590 514 666 tempora
529 585 645 648 ‹leelisli
669 623 709 634 --
733 586 869 666 inlclus,
894 605 977 668 quae
996 606 1066 649 sese
1080 591 1276 668 ‚sequnntun
1301 593 1381 657 tum,

130 689 221 776 qued
246 689 470 772 gravissimum
486 695 545 761 est,
570 688 701 753 verbum
725 690 854 755 inlencll
887 688 1144 772 eandemquam
1168 684 1379 771 apudCatul·

20 852 38 859 ..
127 797 198 862 lum
222 800 255 858 et
278 792 366 876 apud
389 792 578 858 Ciceronem
601 792 700 858 habet
723 800 928 859 structuram.
956 793 1104 874 Legimus
1130 795 1214 858 euim
1250 815 1300 876 ep.
1338 792 1379 858 ad

21 914 25 919 ’
128 903 198 966 Asu
223 904 252 978 9,
287 903 335 976 13,
371 902 388 960 2
415 918 624 981 „anrmqnurn
655 897 713 962 lenc
735 898 816 962 nnllnl
836 899 959 964 litterae
984 897 1166 964 Dolabellae
1199 898 1305 962 inlcnl
1338 897 1382 963 erl

124 1004 291 1087 pristinus
329 1001 532 1084 coniectiones
571 1003 713 1069 renem
756 1001 898 1086 Denique
948 983 984 1066 et
1014 1009 1187 1086 propterea
1225 1001 1380 1068 librorum

132 1107 430 1189 manuscriptorum
470 1107 697 1170 auctoritatem
735 1106 835 1170 secuti
872 1127 994 1184 sumus
1033 1106 1120 1189 quod
1158 1106 1238 1171 illud
1275 1125 1380 1188 genus

130 1212 262 1279 dicendi
286 1210 426 1275 sermoni
442 1208 642 1292 quotidiano,
658 1211 749 1284 cuius
764 1210 926 1294 permulta
950 1210 1036 1294 apud
1054 1211 1216 1276 Catullum
1252 1216 1381 1275 exstant
1478 1275 1480 1279 .

130 1315 297 1400 exempla,
330 1315 496 1397 proprium
532 1313 632 1378 videri
664 1336 733 1378 esse
777 1315 1008 1380 contendimus.
1026 1316 1115 1393 Quae
1141 1337 1211 1380 cum
1236 1316 1282 1381 ita
1305 1316 1380 1413 sint,

131 1445 196 1488 non
225 1440 398 1505 possumus
428 1418 566 1500 probare
598 1421 791 1482 sententiam
825 1419 995 1501 Draegeri,
1019 1421 1073 1502 qui
1106 1422 1136 1483 in
1171 1417 1255 1486 libro
1292 1442 1312 1488 a
1345 1441 1380 1484 sc

134 1527 281 1593 confecto
303 1527 326 1608 ¹)
343 1523 385 1587 (le
408 1522 505 1587 verbo
530 1523 656 1586 nitendi
690 1525 834 1606 disputat
863 1529 1069 1601 structuram,
1094 1523 1134 1589 de
1159 1546 1223 1607 qua
1261 1525 1382 1607 agitur,

136 1631 273 1715 primum
296 1652 316 1693 a
340 1628 454 1694 Tacito
479 1633 666 1710 usurpatam
691 1648 770 1691 esse,
796 1628 860 1691 Clr.
899 1627 1099 1706 lluchnerus,
1133 1650 1181 1709 gr.
1216 1629 1237 1693 l.
1273 1634 1291 1694 2
1327 1651 1380 1714 pg.

140 1738 203 1800 530
226 1741 259 1800 et
280 1739 343 1798 808
368 1738 401 1796 et
425 1732 542 1813 Draeg.
566 1736 647 1814 synt.
672 1731 721 1796 uis
745 1738 773 1810 2,
798 1737 872 1809 409,
897 1738 915 1795 2
941 1731 984 1809 d).
1050 1783 1051 1786 ι

245 1838 349 1902 lunxit
382 1836 522 1918 denique
554 1835 700 1901 Catullus
739 1836 872 1901 verbum
911 1837 1038 1900 lrrlencli
1075 1857 1148 1900 cum
1175 1837 1380 1904 conium-tivo

149 1940 264 2006 omissa
287 1941 504 2005 coniunctione
531 1946 616 2020 „ut“‚
641 1942 696 2024 qui
719 1942 857 2006 iussione
881 1949 1023 2020 vocatur,
1048 1937 1223 2006 hocloco:

150 2049 196 2127 17,
220 2050 239 2110 3
261 2045 400 2110 [uland
423 2048 452 2109 le
475 2048 600 2111 vernem
626 2046 836 2110 irreridiuttnn.

203 2238 205 2242 ¹
243 2151 402 2228 cencede

137 2277 188 2353 43,
213 2278 231 2337 6
257 2272 339 2338 Tene
360 2295 455 2340 snum
481 2273 593 2356 Tethys
616 2278 766 2338 concessit
788 2274 899 2338 elucere
921 2273 1061 2354 annena?

241 2394 385 2461 Verbum
409 2395 598 2461 concedendi
623 2401 655 2459 et
667 2396 899 2477 conjunctivus,
912 2405 1008 2478 quem
1021 2394 1240 2463 concessivum
1255 2401 1381 2475 vocent,

142 2520 213 2588 curn
236 2507 269 2565 et
292 2501 362 2565 sine
384 2507 421 2564 nl
443 2500 669 2565 coniunctione
693 2500 861 2583 sequitur:

137 2610 188 2687 49,
213 2609 254 2670 25
281 2604 372 2687 Quod
394 2605 454 2670 tili
475 2606 507 2669 sl
529 2605 633 2670 suncti
655 2606 839 2687 antecesserit
862 2606 965 2671 lincoln
992 2606 1090 2687 Itoni,

279 2866 287 2882 .
332 2865 341 2879 .
386 2821 420 2880 nl
442 2815 528 2879 lueri
552 2836 715 2898 resperyes
737 2816 894 2900 sanquine
916 2815 1070 2880 eleutrum.

142 2925 193 3000 76,
221 2925 259 2985 13
287 2921 392 3003 Quare
414 2921 546 2985 concedo
569 2922 613 2984 sit
634 2921 731 3000 diaes,
755 2921 829 2983 dnm
851 2921 959 2986 omnin
981 2921 1094 2985 desint.
1214 2976 1216 2980 ,
1316 2909 1318 2912 ’

243 3042 428 3125 Draegerus
460 3043 503 3125 (2,
528 3047 601 3120 441,
626 3048 644 3105 6
670 3045 716 3123 gu
740 3041 872 3108 verbum
896 3043 1084 3128 curcecrlcncli
1120 3064 1190 3108 eum
1224 3042 1380 3108 infinitivo

142 3145 205 3214 solo
218 3155 252 3213 et
265 3169 337 3212 cum
349 3153 384 3213 nl
395 3148 483 3228 iungi
497 3147 650 3230 disputat.
666 3146 768 3224 Quam
792 3148 833 3212 ob
857 3169 924 3213 rein
947 3147 1045 3227 locos,
1060 3147 1176 3232 quibus
1190 3147 1265 3212 huic
1280 3148 1379 3214 verbu

136 3252 342 3318 accusativus
374 3275 401 3316 e.
435 3252 564 3316 intest
598 3251 780 3331 adiunctus,
817 3251 987 3317 laudamus
1022 3252 1097 3318 hos:
1133 3251 1225 3318 Lucr.
1253 3258 1277 3325 1.
1302 3257 1376 3335 6133

135 3356 216 3424 Hor.
238 3357 299 3441 Ep.
326 3361 352 3436 l,
377 3364 406 3434 5,
434 3362 471 3421 12
496 3364 529 3421 et
553 3362 582 3436 2,
607 3363 637 3437 3,
661 3361 733 3421 373.

243 3482 340 3578 mm
812 3581 813 3584 Ἴ

135 3609 188 3682 73,
216 3606 231 3666 l
258 3609 287 3666 ιι
309 3623 341 3664 se
362 3602 442 3682 lucit
463 3624 530 3667 csse
549 3607 724 3685 mezu-lam.
763 3685 765 3689 y

242 3723 406 3809 Hocloco
440 3725 573 3790 verbum
606 3725 748 3806 jaciendi
782 3723 868 3790 idem
901 3724 989 3791 valet
1008 3726 1108 3810 ¹quod
1143 3724 1268 3792 simule.
1307 3724 1382 3792 Sine

134 3829 297 3894 infinitivo
324 3830 492 3912 usurpavit
514 3828 661 3894 Catullus
684 3829 746 3896 hoc
769 3829 915 3895 verbum:
1444 3825 1445 3828 '

136 3939 167 4013 6,
194 3935 234 3998 10
257 3939 292 3997 nt
310 3933 459 4015 praellae!
486 3933 590 4000 Unum
613 3955 661 3998 nee
680 3935 819 4017 fenerem
842 3935 1019 4003 beatiorem.

242 4055 284 4121 Et
307 4056 529 4120 coniunctivus
555 4079 627 4121 cum
652 4059 878 4124 coniunctione
903 4068 937 4124 nt
959 4057 1090 4124 verbum
1111 4060 1252 4140 lactendi
1272 4059 1379 4143 sequi·

136 4167 192 4227 tur
215 4160 265 4225 his
288 4159 382 4225 locis:

139 4270 190 4350 16,
219 4271 256 4331 14
282 4261 369 4348 Quae
392 4272 421 4332 lc
443 4274 479 4332 nt
497 4268 661 4350 praenitent
677 4268 845 4349 peslmorlo
866 4268 944 4343 saell
964 4269 1061 4349 faciel
1083 4269 1142 4334 tui.

136 4447 345 4458 ——--1

244 4521 991 4624 mmmmmmmmwmmm
