3014 5116
730 188 771 255 211

652 279 859 290 ——-.

132 403 185 482 34,
210 402 251 464 24
276 395 401 479 Aspice,
424 398 538 481 nauel)
562 402 598 461 iit
621 399 779 464 ascribaris

269 502 329 566 Vir
349 507 424 565 tuus
449 501 544 584 Tyrio
567 501 603 566 in
625 506 692 568 toro

273 607 372 672 Totus
394 605 559 671 immineat
582 605 648 670 ribi.

235 713 284 778 De
306 710 368 776 liae
391 715 559 777 structura
582 709 638 776 eir.
663 716 775 794 Drueg.
802 718 831 791 2,
854 715 929 791 437,
956 715 984 779 1.

234 821 352 897 sentio

124 950 181 1025 42,
207 947 248 1007 28
274 941 355 1005 Tum
379 938 506 1003 Thetidi
524 942 620 1019 paler
642 939 711 1022 ipse
732 939 908 1022 iupnndum
930 939 1024 1007 Pelen
1046 941 1189 1026 sensili)

120 1053 183 1128 69,
206 1050 249 1111 20
272 1043 398 1124 Nescio,
422 1042 478 1107 sed
497 1041 570 1123 (ieri
592 1043 695 1108 sentio
717 1045 774 1120 (se.
797 1043 868 1128 in).

135 1155 187 1232 39,
210 1155 249 1215 10
272 1149 387 1231 Inique
409 1151 445 1212 ni
466 1146 577 1210 relicta
600 1147 699 1212 sensit
721 1147 785 1212 sibi
806 1149 945 1215 membro
967 1149 1037 1216 siue
1060 1150 1141 1219 viro.

236 1256 345 1332 audio

235 1379 267 1462 α)
293 1398 365 1442 eum
388 1396 456 1440 aco.
480 1394 550 1439 cum
575 1374 632 1440 inf.

129 1489 182 1563 30,
206 1488 243 1547 21
270 1480 405 1547 audiens
425 1479 431 1561 Ι
451 1477 492 1544 Se
514 1479 646 1544 citarier
667 1480 710 1545 nd
731 1480 849 1566 suomi
871 1481 1006 1568 Munus.
1030 1530 1039 1549 .
1064 1533 1072 1564 ,

130 1595 181 1668 67,
208 1592 249 1653 25
276 1585 400 1652 Gellius
422 1583 571 1649 audierat
591 1590 743 1665 patruum
765 1583 934 1667 oliurpore
956 1586 1064 1654 solere.

128 1696 184 1773 33,
212 1697 251 1756 12
277 1691 444 1757 Desertum
468 1689 590 1755 domini
611 1689 744 1755 audiens

276 1795 476 1861 Oonenbinos
500 1815 646 1860 amorem.

240 1883 311 1946 Hoc
330 1881 410 1964 loco,
433 1902 498 1965 quo
522 1881 608 1966 apud
634 1882 867 1949 Baehrensium
888 1882 1038 1966 legimus:

538 1988 605 2052 Nee
627 2006 722 2052 nuces
742 1990 854 2070 pueris
875 1998 965 2073 neqei

500 2092 670 2159 Desertum
693 2093 815 2159 domini
836 2095 870 2159 a!
891 2094 1000 2159 dolens

567 2197 768 2263 domuimus
791 2219 940 2266 amorem.

238 2423 417 2469 021111110111Μθ

129 2505 172 2568 46,
193 2515 208 2567 3
246 2501 298 2552 Sed
317 2500 378 2566 quid
396 2514 447 2565 ego
465 2517 480 2550 a
498 2498 582 2566 primo
601 2499 732 2564 digressus
751 2499 863 2550 carmine
882 2500 956 2566 plura

246 2592 460 2652 commemorem,
480 2595 507 2639 ut
525 2588 642 2654 linquens
662 2589 785 2653 genitoris
804 2589 856 2639 filia
874 2590 981 2653 vultum,

247 2681 280 2730 Ut
302 2679 507 2744 consanguineae
526 2679 694 2743 complexum,
713 2684 740 2728 ut
758 2679 867 2745 denique
886 2679 982 2741 matris,

249 2859 376 2909 Omnibus
395 2859 435 2908 liis
455 2857 550 2908 Thesei
570 2857 670 2907 dulcem
689 2857 847 2924 praeoptarit
867 2875 992 2910 amorem.

235 2963 371 3032 conperto

128 3056 173 3118 56,
195 3067 230 3114 24
251 3055 301 3118 Qui
319 3053 449 3105 stellarum
468 3063 539 3105 ortus
559 3055 685 3120 comperit
703 3061 778 3121 atque
796 3055 891 3117 obitus,

249 3142 392 3193 Flammeus
412 3150 439 3193 ut
458 3144 540 3209 rapidi
560 3143 622 3194 solis
642 3144 710 3195 nitor
729 3147 887 3206 obscuretur,

254 3234 285 3282 Ut
304 3234 396 3283 cedant
415 3233 491 3284 certis
511 3234 595 3283 sidera
614 3235 784 3300 temporibus,

251 3324 284 3372 Ut
302 3322 414 3372 Triviam
432 3322 517 3371 furtim
537 3325 583 3372 sub
604 3324 702 3373 Latmia
721 3341 780 3373 saxa
799 3323 917 3388 relegans

249 3412 338 3462 Dulcis
357 3429 429 3462 amor
448 3428 512 3476 gyro
531 3413 640 3462 devocet
658 3413 739 3464 aerio.

243 3517 349 3585 requiro

135 3609 178 3674 76,
200 3620 232 3670 23
253 3609 335 3672 Saepe
349 3607 397 3657 tibi
417 3608 533 3657 studioso
552 3608 637 3658 animo
658 3614 765 3656 venante
780 3606 911 3673 requirens

255 3699 374 3749 Carmina
392 3700 428 3748 uti
447 3715 550 3764 possem
569 3698 668 3748 mittere
687 3695 827 3747 Battiadae.

244 3788 282 3837 Ex
301 3788 340 3837 his
358 3796 391 3849 et,
411 3805 475 3852 quos
495 3804 571 3852 supra
590 3787 717 3836 adtulinris
737 3786 810 3849 loeis,
829 3792 855 3836 et
873 3783 1035 3836 indicativum
1055 3788 1080 3833 et
1104 3780 1292 3833 coniunctivum
1319 3785 1379 3847 post

136 3884 202 3927 »ut«
222 3877 273 3942 legi
292 3886 405 3942 apparet.
425 3878 474 3941 Qui
494 3894 553 3926 usus
573 3876 696 3926 orationis
716 3891 780 3941 quae
802 3881 906 3926 vocatur
919 3881 1004 3924 rectae
1013 3888 1062 3939 pro
1073 3871 1177 3937 obliqua
1189 3871 1256 3936 apud
1266 3871 1380 3921 Plautum

134 3974 160 4016 et
176 3966 323 4016 Terentium
343 3966 465 4016 latissime
484 3974 562 4031 patet.
583 3966 714 4030 Exemplis
733 3967 787 4015 eius
807 3965 908 4030 generis
928 3963 1045 4014 addimus
1066 3978 1097 4012 ex
1116 3961 1218 4026 Catullo
1238 3960 1326 4010 locos:

135 4057 178 4117 66,
198 4068 231 4118 30
252 4059 302 4105 Aut
321 4055 441 4105 admirari
460 4055 548 4105 desine
567 4072 612 4105 eur
633 4055 739 4119 fugiunt.

135 4144 178 4206 68,
201 4158 232 4205 19
253 4145 348 4195 Nescio
368 4145 428 4210 quid
447 4152 516 4194 certe
535 4151 582 4193 est.

241 4234 294 4285 Cir⁴
314 4234 440 4296 Heluius,
461 4239 526 4298 synt.
546 4234 623 4298 prisc.
643 4249 679 4282 sc.
698 4232 734 4281 lat
753 4247 777 4294 2,
797 4248 839 4297 pg.
860 4231 921 4294 236.
1329 4298 1331 4303 Ι

240 4322 262 4390 3)
283 4323 421 4372 Muellerus
441 4323 550 4383 Riesius,
569 4321 738 4372 Baelrreusius
759 4323 846 4386 legunt
871 4319 1004 4368 »intus«.
1033 4317 1091 4368 Vox
1120 4324 1220 4388 »tuos«,
1250 4331 1324 4384 quam
1352 4316 1380 4366 in

135 4412 248 4462 editione
267 4430 281 4461 a
301 4413 426 4462 Muellero
447 4412 562 4461 confecta
581 4411 697 4476 legimus3
717 4410 743 4459 in
764 4419 852 4460 »tuus«
873 4406 1027 4476 corrigenda
1042 4414 1089 4458 est.
1250 4465 1252 4467 ¹
1310 4462 1312 4468 Ι
1374 4466 1377 4474 ·

243 4501 266 4568 ⁴)
286 4502 382 4552 Libros
401 4501 587 4566 manuscriptos
608 4500 687 4550 secuti
706 4517 762 4550 cum
782 4497 926 4560 Schwabio,
940 4492 1378 4566 Lachmanuo,lloeringo,lRiesio,

110 4592 291 4643 ·Baehrensio
311 4591 417 4658 legimus
439 4591 584 4653 »sensit«,
604 4591 672 4656 quod
692 4588 830 4640 Muellerus
850 4587 874 4637 iu
896 4587 1039 4648 »sanxit«
1064 4585 1177 4647 mutavit,
1214 4640 1233 4659 ,Ι
1270 4625 1274 4634 .
