3014 5116
740 240 781 302 37

662 327 867 337 ι----

245 445 374 511 Etenim
386 446 539 530 qnoniam
555 467 614 513 nec
630 447 814 521 infinitivus.
826 447 881 534 qui
897 447 992 532 vulgo
1015 467 1074 532 pro
1095 446 1285 533 imperativo
1300 447 1387 532 posi·

141 549 343 631 insumitur,
367 571 426 615 nec
449 551 631 624 infinitivus.
657 557 711 636 qui
735 553 767 631 in
791 552 1027 624 exclamatione
1050 559 1108 619 aut
1132 553 1386 636 interrogatione

20 659 22 662 ’
141 662 325 739 usurpator,
360 677 419 720 nec
456 656 629 722 historicus
653 677 748 741 quem
775 664 892 724 vocant
918 658 1093 724 infinitivus
1119 656 1207 742 apud
1223 655 1385 723 Catullum

139 761 301 844 reperitur
322 758 415 840 ullus,
428 760 461 826 id
472 760 558 844 quod
571 761 664 828 nobis
676 767 748 827 erat
758 762 924 847 promtum,
948 763 990 828 ad
1012 761 1108 828 finem
1133 761 1323 847 perduxisse
1339 763 1386 827 vi·

140 867 261 932 demur.
275 866 417 930 Eandem
428 866 557 950 quidem
566 886 664 949 quam
673 887 731 931 uos
746 865 919 949 adgressus
926 868 1181 951 estprovinciam
1190 867 1214 932 I.
1225 866 1386 950 Seugerus

142 974 173 1036 in
206 972 434 1036 dissertatione
458 970 498 1036 de
522 970 669 1036 infinitivi
687 971 774 1054 apud
792 970 963 1051 Catullum,
987 972 1161 1054 Tibullum,
1180 971 1383 1056 Propertium

142 1099 202 1141 usu
227 1075 354 1162 (Speier
381 1080 473 1160 1886)
496 1097 651 1160 germano
675 1097 822 1141 sermone
846 1076 1020 1160 diligenter
1053 1086 1271 1162 accurateque
1308 1100 1384 1168 con·

146 1184 276 1266 scripta,
294 1204 376 1266 quae
393 1189 501 1248 temen
519 1181 604 1266 quod
627 1181 660 1245 in
683 1201 798 1246 monus
819 1189 947 1247 nostras
968 1184 1133 1267 pervenit,
1149 1204 1219 1248 cum
1219 1182 1387 1268 opusculo

142 1296 215 1354 nost
217 1310 253 1354 ro
275 1289 337 1353 iam
363 1287 421 1352 ult'
396 1294 507 1352 umam
532 1287 793 1369 imposuissemus
817 1307 945 1351 martum
957 1289 1123 1371 maiorque
1146 1289 1290 1355 eiusdem
1309 1295 1385 1372 pars

141 1396 205 1458 iam
227 1396 313 1478 typis
336 1412 488 1476 expressa
512 1397 606 1469 esset,
630 1392 702 1456 usui
725 1391 818 1456 nobis
849 1413 919 1458 esse
953 1413 1016 1457 non
1048 1414 1090 1476 po
1092 1394 1165 1459 tuit.
1199 1394 1289 1474 Quae
1313 1409 1386 1460 cum

141 1494 273 1577 itasint,
285 1501 312 1562 si
335 1497 412 1582 quid
436 1504 470 1563 et
492 1518 551 1563 nos
572 1497 607 1562 in
635 1495 697 1562 hac
729 1497 980 1564 tractatiuncula
1013 1499 1216 1566 censebimur
1245 1500 1386 1584 praesti·

142 1604 229 1683 tissa
253 1603 339 1686 quod
362 1603 404 1669 ad
428 1601 693 1668 consuetudinem
718 1601 870 1668 Catulli
861 1623 894 1666 ιιι
917 1602 1105 1686 usurpando
1129 1603 1287 1670 infinitivo
1310 1604 1383 1671 illn-

143 1707 311 1772 strandam
333 1708 504 1790 pertineat,
528 1722 725 1791 magnopere
748 1706 956 1773 laetabimur.

251 2022 401 2079 Taruovtae
420 2020 655 2080 unuuutxxxu.
