3014 5116
733 224 774 296 27

654 321 860 331 ...μμ-...-

237 436 295 502 His
320 437 476 521 exemplis
499 432 747 504 adnumeremus
770 460 900 523 quoque
925 445 974 522 76,
999 433 1373 524 tprobsts'coniecturs

132 542 298 622 Muelleri‚
321 563 416 626 quem
439 541 655 608 Baehrensius
678 550 808 609 secutus
831 551 897 609 estc

294 647 373 729 Quis
394 668 443 712 mc
465 668 529 712 uuo
551 648 631 713 uiuit
651 649 784 730 felicior,
808 654 865 715 out
885 651 990 733 monis
1011 650 1071 716 tae
1093 671 1144 716 res
1213 672 1217 678 ·

293 751 459 832 optandos
481 753 546 817 nito
569 752 671 818 dicere
694 755 765 835 quis
783 751 928 835 poterit?

236 855 280 920 Et
302 855 364 921 hoc
387 856 468 938 loco,
492 877 555 940 quo
578 857 705 922 Riesius
738 858 819 942 legit
856 859 934 933 „loc
966 881 1000 925 re
1019 861 1025 944 Ι
1044 861 1217 944 optandam
1239 863 1373 942 oltom“,

131 965 238 1044 „csse“
264 960 479 1044 supplendum
503 970 560 1028 est.
572 965 594 1045 ¹)
1228 992 1231 996 ¹

236 1065 380 1132 Verbum
403 1066 530 1130 dicendi
552 1069 699 1151 sequitur
722 1068 859 1152 denique
883 1069 1124 1137 coniunctivus:
1222 1119 1224 1123 -

138 1176 184 1251 18,
211 1177 251 1236 14
282 1169 382 1237 Velim
411 1171 556 1246 Caecilio,
575 1193 711 1256 papyrc,
735 1173 835 1253 dicos,

280 1275 438 1340 Verouum
460 1277 577 1353 ueeiol,
622 1323 846 1348 .....

227 1387 285 1458 nur
853 1480 855 1484 A

121 1508 152 1585 2,
177 1507 218 1568 29
244 1503 317 1567 Titi
337 1502 416 1567 terreo
435 1502 538 1582 fuisse
558 1509 587 1567 ot
609 1523 675 1571 esse
697 1505 915 1588 contritissimo

247 1608 307 1673 Ait
325 1606 489 1689 phaselus:

228 1725 373 1790 autumo

137 1839 189 1916 32,
211 1839 251 1900 29
274 1835 357 1899 Nom
379 1840 407 1899 te
430 1855 496 1900 esso
521 1833 679 1900 Tiburtem
700 1842 868 1901 autumaret

234 1937 282 2002 De
306 1937 364 2002 hoc
384 1939 482 2004 verbo
506 1940 561 2004 etr,
585 1939 701 2023 Drueg.
726 1943 755 2022 2,
777 1945 850 2023 438,
874 1945 903 2006 5.

231 2045 344 2120 olomo

127 2171 158 2247 4,
187 2170 198 2228 l
224 2166 311 2230 Nom
334 2171 362 2230 tc
384 2185 447 2231 unu
470 2166 585 2231 uiduus
607 2168 835 2232 iuccreuoctos

224 2269 442 2352 Nequr'cquom
465 2271 595 2334 tacitum
619 2271 718 2336 cubile
740 2271 867 2336 clamet.

223 2375 367 2440 Verbum
391 2376 551 2440 clomoudi
574 2375 709 2456 legimus
732 2396 860 2459 quoque
885 2380 936 2457 68,
960 2383 1010 2443 21.
1035 2379 1092 2444 sed
1114 2377 1255 2447 illoloco
1269 2379 1355 2446 idem

122 2479 209 2545 valet
232 2478 320 2562 quod
342 2481 537 2545 demonstret
559 2486 657 2563 etque
680 2480 770 2545 verbi
803 2482 961 2546 transilivi
995 2485 1065 2548 vioe
1097 2483 1235 2568 fungens
1268 2505 1364 2551 occu·

120 2587 259 2650 sativum
283 2583 474 2650 substantivi
499 2587 592 2668 regit.

225 2714 334 2766 118Πο

120 2819 170 2893 22,
195 2817 237 2877 25
267 2813 329 2876 teo
348 2810 515 2892 provincio
539 2818 652 2875 reorent
675 2833 742 2878 esso
764 2813 895 2878 lullum?

119 2923 172 2998 60,
196 2921 239 2983 25
262 2916 439 2999 Eorcoium
462 2937 580 2980 narres
604 2919 687 2982 miro
707 2922 827 3000 pistule
844 2928 1018 3000 parentem.

223 3022 428 3120 respondeo

134 3147 161 3223 6,
183 3144 389 3227 streperem·
411 3143 446 3208 et
469 3145 552 3226 quod
574 3153 650 3225 eret,
674 3144 755 3209 ertu
777 3167 875 3228 eroque
896 3147 976 3228 ipsis

221 3250 289 3314 Nec
306 3249 511 3330 praetoribus
534 3270 599 3314 esse
623 3270 677 3312 mc
700 3250 828 3329 cohorti,

225 3354 294 3418 Cur
316 3355 481 3436 quisquam
507 3360 601 3434 ceput
623 3355 749 3418 unctius
772 3356 909 3436 referret.

222 3460 401 3534 contendo

123 3585 178 3660 23,
208 3586 219 3644 l
252 3581 368 3662 erocr's
389 3580 544 3647 Setinum
566 3583 700 3663 piouore
722 3601 786 3645 esse
808 3583 1006 3647 coutcucluul.

225 3683 297 3749 Hoc
330 3684 402 3776 loco
436 3686 616 3751 subiectum
653 3693 681 3750 tc
719 3686 851 3767 ratione,
890 3707 954 3769 qua
992 3687 1172 3755 sententiae
1206 3685 1291 3751 inter
1315 3707 1349 3751 se

119 3790 300 3873 excipiunt,
325 3789 419 3855 facile
443 3790 586 3874 suppleri
610 3797 726 3874 potest.

222 3899 300 3970 tero

116 4024 148 4097 l,
172 4018 215 4083 25
238 4036 333 4100 quom
355 4016 463 4098 ferum
485 4017 607 4102 puelloc
626 4019 631 4100 Ι
649 4017 780 4083 Pernici
813 4017 974 4083 aureolum
995 4018 1097 4100 suis-sc
1119 4016 1246 4082 molum.
1271 4019 1321 4095 60,
1346 4021 1359 4081 l

113 4123 285 4206 Quorrrquc
299 4122 419 4210 serunt
440 4128 508 4187 colo
531 4124 666 4187 seruisse
687 4123 825 4201 moliyeo
859 4127 910 4202 64,
935 4127 975 4203 30
1002 4122 1099 4204 Quale
1129 4121 1240 4203 serunt
1277 4120 1362 4186 Grai

109 4227 466 4308 Pheneum-siccom')
491 4227 610 4292 emerico
628 4228 750 4312 pleone
770 4227 887 4308 palude
904 4226 1015 4292 solum.

105 4336 316 4351 *a*

219 4370 241 4439 ¹)
260 4371 356 4422 Omnes
375 4371 456 4432 locos,
475 4371 565 4435 quibus
597 4369 711 4421 Catullus
741 4383 812 4418 esse
842 4367 936 4430 omisit,
969 4368 1100 4432 congessit
1133 4368 1284 4431 Schultzins,
1315 4369 1356 4418 De

106 4443 214 4496 Catullo
234 4443 393 4494 Graecorum
413 4442 548 4493 imitatore.
567 4442 652 4493 lenae.
676 4441 751 4505 1871.
1245 4498 1247 4505 ἱ

218 4511 242 4581 ²)
268 4517 332 4566 Cum
369 4515 503 4576 Muellem,
540 4513 636 4575 Riesio‚
675 4507 832 4562 Baehrensio
863 4507 1000 4559 retinemus
1033 4509 1188 4560 Lachmanni
1220 4508 1356 4558 lectionem

106 4585 251 4649 siccare3
289 4585 406 4646 siccari
431 4593 512 4635 antem
541 4587 629 4649 legunt
659 4584 830 4642 Schraderus,
856 4580 976 4644 Heysius,
996 4582 1143 4648 'Hauptium
1169 4581 1353 4647 RossbachiuS,

106 4656 268 4723 Schwabius,
287 4657 469 4727 Westphalius.
