3014 5116
735 207 774 273 35

659 299 864 308 *—

142 417 339 483 nominativo
353 436 425 482 cum
447 417 606 483 infinitivo
630 415 827 481 Graecorum
851 434 940 480 more
955 419 1005 481 est
1018 415 1171 480 iunctum.
1187 413 1252 481 cu.
1270 415 1385 497 Draeg.

142 528 171 603 2,
194 527 259 587 448
283 528 316 586 et
339 523 465 587 Riesius
487 524 520 587 in
544 522 617 588 adn.
642 521 683 586 ad
707 520 738 585 h.
762 521 782 585 l.
807 520 945 588 adiecta.

663 716 867 725 -————-

578 834 806 935 carun
846 835 933 912 vn.

287 993 327 1077 Ε)
352 992 407 1056 DE
431 989 663 1057 lNFlNlTlVO
687 991 781 1056 CUM
800 990 1041 1056 ADIEOTIVIS
1065 989 1234 1056 IUNCTO.

246 1183 482 1268 Disputatiouis
506 1189 636 1247 nostrae
660 1183 742 1247 serie
766 1190 864 1265 atque
888 1182 1001 1247 ordine
1024 1184 1227 1266 pervenimus
1261 1201 1309 1260 eu,
1347 1184 1386 1243 ut

139 1295 283 1354 extremo
317 1289 425 1371 capite
460 1287 500 1351 de
534 1287 690 1352 infinitivo
728 1310 767 1350 ex
802 1287 971 1351 adiectivis
1005 1287 1188 1352 nominibus
1221 1285 1383 1369 pendente

138 1416 278 1474 agamus.
301 1394 407 1475 Atque
431 1391 587 1472 Catullus,
611 1394 672 1456 etsi
696 1412 734 1457 eu
745 1391 855 1456 floruit
880 1398 998 1475 aetate,
1011 1412 1075 1474 qua
1087 1391 1198 1474 lingua
1212 1391 1314 1455 latina
1327 1410 1385 1474 per

136 1498 323 1563 Ciceronem
347 1505 380 1561 et
403 1498 575 1561 Caesarem
595 1498 635 1562 ad
671 1519 826 1562 summam
862 1504 1016 1580 prosecta
1051 1503 1101 1562 est
1140 1496 1383 1579 perfectionem,

139 1608 246 1667 tamen
271 1605 319 1666 uti
341 1607 415 1686 post
440 1603 642 1666 substantiva
666 1612 699 1666 et
720 1603 829 1679 rerba,
864 1605 909 1666 ita
943 1608 1017 1686 post
1053 1602 1213 1667 adiectira
1250 1620 1379 1684 queque

139 1708 269 1772 nomina
293 1708 324 1770 in
348 1709 534 1789 usurpando
558 1707 714 1772 infinitivo
737 1707 909 1772 liberarior
932 1712 1013 1786 erat,
1037 1727 1135 1792 quam
1168 1707 1200 1770 in
1236 1706 1377 1771 numeris

135 1811 242 1876 soluta
265 1812 409 1876 oratione
441 1812 510 1877 fieri
534 1812 625 1879 solet.
649 1812 825 1890 Quaecum
849 1815 895 1876 ite
917 1813 989 1892 sint,
1013 1832 1091 1876 sane
1108 1832 1171 1875 non
1188 1810 1378 1888 errabimus,

136 1917 163 1980 si
188 1915 347 1981 Catullum
373 1938 444 1981 cum
467 1916 554 1981 haud
571 1918 682 2000 paucis
704 1917 738 1980 in
761 1918 858 1983 rebus
872 1917 914 1981 ad
928 1917 1135 2003 quaestiones
1148 1917 1377 1998 grammaticas

136 2021 381 2104 pertinentibus,
406 2028 472 2088 tum
497 2024 529 2086 in
553 2043 613 2087 usu
636 2022 790 2088 infinitivi>
809 2024 999 2105 praesertim
1035 2043 1075 2086 ex
1108 2020 1275 2086 adiectivis
1309 2021 1378 2104 apti

135 2132 277 2191 veterum
302 2134 471 2208 poetarum
496 2148 675 2192 sermonem
699 2129 857 2192 imitatum
885 2149 954 2193 esse
979 2127 1029 2192 vel
1052 2129 1160 2210 potius
1173 2146 1379 2192 conservasse

135 2231 300 2314 multaque
324 2232 365 2296 ad
391 2232 590 2297 Graecorum
615 2233 880 2298 cousuetudinem
896 2233 1114 2298 conformasse
1127 2230 1373 2300 affirmabimus.

137 2335 202 2398 Sed
224 2336 288 2399 iam
312 2336 488 2418 videamus,
512 2337 629 2418 quibus
662 2336 830 2402 aaliectivis
864 2338 1047 2403 nominibus
1081 2336 1379 2403 adcommodaverit

139 2437 286 2503 Catullus
310 2440 494 2506 infinitivus.

245 2549 378 2649 diguus

139 2693 189 2769 65,
214 2693 254 2753 22
278 2690 345 2776 Aut
367 2687 449 2752 nihil
471 2693 527 2752 uui
544 2688 645 2770 paulo
669 2689 720 2753 cui
743 2696 777 2754 tu
800 2690 964 2755 concedere
985 2688 1084 2771 dipsa

345 2794 420 2860 Luc
440 2815 508 2858 meu
531 2815 565 2859 ac
587 2800 730 2859 nostr-am
753 2793 885 2860 corriulr't
907 2794 941 2860 in
963 2793 1127 2877 premium.

244 2917 313 2982 Hoc
338 2916 410 2982 loco
434 2916 594 2983 adiectivo
617 2917 733 2998 (liparia
756 2938 858 3001 aeque
882 2938 919 2981 ac
943 2917 1068 2982 Graeco
1103 2911 1188 2988 ἄξιος
1222 2915 1381 2981 subicitur

146 3021 330 3103 infinitivus
352 3024 444 3088 cuiue
467 3024 575 3087 variae
599 3044 638 3087 ac
662 3043 795 3105 prorsus
818 3022 964 3087 diversae
988 3029 1063 3086 suut
1079 3020 1263 3104 explicandi
1278 3009 1379 3086 ratio·

140 3129 239 3209 uuest)
263 3127 329 3208 Alii
353 3129 437 3192 enim
461 3128 520 3191 viri
544 3128 745 3209 grammatici
762 3129 788 3209 Ω7
817 3131 849 3192 in
881 3127 943 3192 hoc
970 3148 1030 3190 usu
1065 3131 1180 3210 poetas
1217 3124 1380 3191 Romanos

139 3230 281 3296 Graecos
304 3234 448 3297 imitatos
472 3253 541 3298 esse
564 3237 650 3297 iuter
673 3252 707 3296 se
732 3233 953 3311 consentinam
978 3230 1033 3296 alii
1048 3233 1075 3311 ³)
1091 3229 1281 3296 infinitivum
1307 3235 1382 3314 post

138 3336 331 3402 adjectivum
355 3358 471 3402 nomen
502 3340 635 3421 dipuura
671 3344 895 3410 occurrentem
919 3337 1053 3403 ablativi
1076 3337 1179 3401 instar
1202 3356 1274 3401 esse
1298 3334 1381 3402 iudi-

128 3445 225 3520 ·cant;
248 3441 333 3526 aliu)
357 3440 495 3526 denique
519 3442 560 3507 ab
597 3443 836 3525 antiquioribus
870 3443 975 3526 poetis
1007 3441 1197 3506 infinitivum
1221 3439 1381 3506 adiectivo

140 3542 257 3625 dipsas
301 3547 430 3630 saepius
475 3547 607 3629 adiungi
654 3547 779 3612 consilii
825 3545 1026 3631 exprimendi
1073 3565 1171 3611 causa
1205 3543 1380 3612 affirmant.
1461 3535 1464 3541 ’

250 3790 272 3861 ¹)
291 3793 409 3847 Holtzius
428 3815 472 3863 op.
491 3797 533 3849 cit.
552 3814 596 3862 pg.
615 3811 659 3862 43.

280 3868 418 3930 Kublerus‚
438 3873 478 3920 De
496 3869 621 3921 infinitivo
635 3871 702 3936 apud
715 3871 847 3921 Romanos
861 3877 952 3935 poetas
971 3888 986 3920 a
1003 3869 1150 3922 nominibus
1163 3868 1296 3922 adiectivis
1310 3875 1381 3937 apto.

138 3941 253 3995 Berolini
275 3941 351 3992 ¹861.

276 4013 343 4077 Iolly
361 4028 405 4078 op.
425 4014 467 4065 cit.
490 4025 549 4078 159.

241 4101 265 4172 2)
285 4104 338 4157 Cfr.
358 4104 487 4170 Reisig,
506 4104 687 4170 Vorlesungen
706 4104 769 4153 uber
787 4100 937 4152 lateinische
957 4100 1236 4166 Sprachwisseuschait
1254 4117 1298 4168 pg.
1319 4100 1380 4167 782.

280 4193 421 4259 Meiriug
439 4196 462 4258 5.
484 4206 534 4259 742
553 4197 630 4246 Anm.
652 4204 677 4256 5.

277 4283 412 4334 Schultz
431 4285 454 4347 5.
475 4283 527 4347 384
553 4287 628 4339 Anm.
651 4297 674 4334 ι.

278 4374 394 4438 Zumpt
416 4374 440 4436 ξ.
460 4383 510 4438 597
530 4380 556 4424 et
575 4373 635 4438 598.

243 4459 266 4527 ⁸)
286 4463 386 4513 Krause
406 4478 449 4527 op.
468 4463 510 4514 cit.
529 4480 573 4529 pg.
593 4465 635 4516 86.
1001 4509 1004 4513 ,

245 4550 268 4617 ⁴)
287 4550 418 4616 Jaeuicke‚
437 4551 488 4604 Die
507 4561 683 4620 sogeurmnten
703 4553 853 4605 Gracrsmen
872 4551 906 4603 im
929 4548 1188 4618 Infinitivgebrauche
1212 4547 1255 4599 bei
1279 4548 1378 4615 Vergil.

37 4622 39 4627 ’
134 4624 308 4689 Korneubarg
329 4622 405 4688 1874.
424 4639 468 4690 pg.
490 4635 530 4690 17.
