3014 5116
728 209 768 272 36

647 295 852 306 ———

130 408 234 489 Quam
256 410 451 476 sententiam
473 409 619 478 defendit
640 411 826 480 Maixnerus
849 417 914 499 (op.
939 415 992 480 cit.
1015 436 1069 498 pg.
1101 416 1164 496 51),
1187 414 1244 499 qui
1266 414 1374 481 infini·
1492 479 1495 487 e

128 514 186 580 tivi
220 535 284 580 non
307 519 411 581 solnm
441 536 483 581 ex
507 516 666 583 adiectivo
688 519 815 602 dipaus,
838 518 896 585 sed
918 520 1015 586 etiam
1036 541 1077 583 ex
1095 526 1243 602 paratas,
1255 520 1375 602 facitis,

128 619 239 686 multis
270 621 342 686 aliis
375 621 443 706 apti
478 644 570 688 nsum
594 644 659 688 non
682 644 722 688 ax
745 623 925 690 imitatione
949 624 1149 689 Graecorum
1173 630 1292 704 ortum,
1315 626 1373 692 sed

129 726 282 810 exipsius
304 726 405 793 dativi
427 727 456 791 vi
480 727 651 812 principali
673 749 881 812 progressum
904 727 1201 812 amplificatamque
1220 729 1373 814 explicat.

239 832 286 897 De
309 831 370 897 hac
393 838 556 898 structura
578 832 634 898 cfr.
657 834 773 917 Draeg.
797 838 826 915 2,
849 840 923 900 421,

232 935 380 1003 Eandem
402 937 573 1020 pristinam
597 936 695 1003 dativi
719 941 852 1022 eiusque
875 927 975 1004 (111111
999 938 1104 1004 finalis
1139 946 1287 1005 naturam
1303 943 1370 1005 vin·

132 1044 221 1108 dicat
243 1041 428 1108 Maixnerus
451 1043 516 1126 (op.
540 1045 593 1107 cit.
618 1064 671 1126 pg.
694 1046 748 1124 52)
772 1044 928 1108 infinitivo
945 1065 962 1109 e
977 1065 1054 1109 voce
1072 1051 1209 1126 parntes
1232 1045 1373 1128 penden-

128 1149 171 1228 ti,
204 1169 287 1232 quae
320 1168 382 1212 vox
415 1147 539 1229 origine
570 1167 628 1210 sua
662 1168 856 1230 quamquam
891 1148 1096 1232 participium
1131 1157 1190 1228 est,
1224 1150 1373 1216 adiectivi

129 1260 236 1318 tamen
260 1252 323 1322 iam
347 1271 478 1334 prorsus
501 1271 579 1334 prae
603 1272 636 1314 se
660 1251 723 1315 fert
747 1261 895 1316 naturam
927 1261 1025 1335 atque
1057 1274 1120 1317 non
1152 1253 1255 1319 solum
1285 1255 1370 1338 apud

128 1356 289 1423 Catullum
314 1360 347 1420 et
369 1356 569 1439 antiquiores
595 1361 708 1439 poetas
732 1356 896 1422 Romanos
919 1356 976 1422 sed
1000 1360 1098 1423 etiam
1121 1358 1208 1441 apud
1231 1361 1368 1442 optimos

127 1462 268 1528 numeris
292 1460 416 1526 solutae
440 1461 595 1528 orationis
619 1460 794 1543 scriptores
824 1483 897 1526 cnm
928 1463 1085 1528 infinitivo
1114 1462 1370 1546 frequentissime

126 1565 215 1648 iungi
238 1565 329 1631 solet.
359 1567 381 1647 ¹)
405 1564 481 1629 Loci
505 1571 614 1630 autern
633 1564 815 1645 Catulliani,
832 1568 949 1650 quibus
962 1568 1137 1633 infinitivus
1154 1570 1224 1633 voci
1236 1576 1374 1651 perotus

127 1671 291 1739 subiectus
314 1671 482 1750 invenitur,
505 1676 580 1735 sunt
602 1671 652 1734 hi:

129 1780 158 1859 7,
185 1781 222 1841 13
246 1783 397 1860 temptare
418 1777 514 1841 simul
532 1777 653 1858 parati.

131 1886 180 1963 10,
204 1887 244 1947 25
268 1883 368 1948 salire
385 1886 542 1963 peratum
563 1880 670 1947 tates.

128 1993 178 2069 23,
203 1992 241 2054 21
270 2033 532 2052 ......
577 1991 670 2068 atque
692 2005 802 2051 umore
821 2006 916 2068 porro

250 2091 365 2158 Omnes
387 2111 457 2156 sam
480 2090 607 2156 assidue
624 2103 764 2174 paratus
786 2111 895 2156 aanor.

233 2195 335 2262 Huius
359 2202 542 2261 structurae
566 2200 697 2279 praeter
720 2201 874 2278 quattuor
898 2194 1055 2278 exempla,
1078 2216 1160 2277 quae
1185 2196 1271 2280 apud
1289 2196 1370 2262 Ver·

126 2303 239 2386 gilium
263 2303 316 2387 (A.
340 2306 369 2383 2,
394 2306 445 2382 61,
470 2307 500 2381 5,
528 2306 597 2382 1083
624 2305 672 2382 12,
697 2300 840 2381 31111.
865 2305 896 2384 7,
920 2301 953 2386 ὃ)
976 2302 1196 2384 reperiuntur,
1221 2303 1373 2383 ponimus

127 2408 216 2474 locos
239 2406 330 2488 Ovid,
353 2406 430 2472 Met.
455 2412 483 2490 3,
508 2410 580 2486 377;
606 2410 655 2486 16,
680 2410 709 2484 7,
736 2410 807 2485 132;
829 2405 916 2471 Fast.
942 2411 975 2484 6,
1008 2411 1059 2489 853
1091 2405 1169 2484 Hor,
1200 2406 1234 2470 Ο.
1265 2411 1293 2487 2,
1326 2414 1375 2490 17,

129 2512 489 2595 1111111111
526 2515 704 2591 18316.2,
736 2515 763 2588 1,
803 2515 872 2575 111.

232 2616 277 2682 111
318 2616 497 2683 locutiones
531 2617 718 2700 copulatae,
765 2633 849 2696 qnae
883 2635 923 2678 ex
958 2615 1169 2680 substantivis
1204 2622 1236 2680 11
1269 2617 1376 2682 verbis

127 2727 285 2802 constant,
308 2723 370 2787 vim
393 2721 584 2806 simplicium
600 2719 770 2785 verborum
792 2715 914 2782 habent
936 2739 1059 2802 easque
1084 2741 1158 2784 cum
1182 2721 1267 2803 apud
1290 2722 1373 2786 anti·

127 2830 256 2914 quiores
300 2833 414 2911 poetas
455 2827 616 2891 Romanos
660 2830 729 2888 tum
775 2822 862 2905 apud
901 2821 1062 2888 Catullum
1102 2847 1175 2890 cnm
1217 2826 1373 2890 1111111111

127 2934 320 3015 iunguntur,
343 2931 390 2997 ita
422 2930 628 3015 reperiuntur
663 2948 733 2992 cum
776 2928 940 2992 infinitivis
974 2947 992 2990 a
1029 2929 1158 2994 Catullo
1192 2932 1302 2996 iuncta
1336 2953 1375 2999 ea

128 3037 285 3121 imprimis
298 3037 475 3115 adiectiva,
499 3055 582 3118 quae
599 3033 774 3098 voluntatis
793 3039 850 3097 aut
862 3033 1036 3115 potestatis
1058 3036 1222 3100 notionem
1256 3035 1377 3102 habent

127 3150 161 3208 et
183 3142 270 3226 apud
310 3143 451 3206 numeris
486 3139 611 3206 volutae
651 3139 805 3202 orationis
840 3139 1014 3220 scriptores
1036 3141 1216 3220 genetivum
1238 3143 1376 3205 nominis

126 3249 262 3314 alicuius
279 3246 503 3332 expostulant,
527 3244 614 3330 apud
627 3248 742 3328 poetas
758 3241 911 3307 liberiore
944 3243 1039 3308 modo
1068 3243 1255 3308 infinitivum
1290 3248 1376 3310 exci-

127 3357 222 3440 piunt
246 3357 301 3435 ita,
325 3361 361 3420 ut
385 3352 575 3417 infinitivum
600 3371 638 3412 cx
667 3348 828 3413 adiectivo
851 3351 1040 3430 suspensum
1067 3369 1130 3413 non
1151 3351 1289 3430 genetivi
1320 3353 1378 3417 sed

126 3462 303 3526 accusativi
330 3483 464 3526 numero
488 3482 557 3525 esse
582 3465 748 3544 putemus,
783 3461 947 3526 notionem
970 3457 1120 3523 adiectivi
1144 3454 1252 3538 aliquo
1277 3455 1372 3523 modo

127 3565 429 3631 circumscribentis.
453 3566 524 3631 Huc
546 3565 752 3630 referendum
775 3571 825 3630 est
849 3565 1040 3630 adiectivum
1070 3563 1159 3644 potis
1195 3562 1239 3648 ²),
1274 3560 1379 3646 quod,

127 3691 200 3735 cum
233 3671 350 3754 verbo„
376 3676 465 3735 snm“
491 3671 680 3736 adiunctum
704 3671 878 3753 potestatis
902 3667 1063 3734 efficiendi
1090 3667 1211 3751 aliquid
1257 3668 1377 3751 signifi·

129 3776 289 3842 cntionem
312 3773 441 3854 habeat,
464 3775 496 3840 in
521 3773 640 3839 Catulli
659 3775 854 3840 carminibus
880 3795 951 3840 cum
967 3770 1124 3839 infinitivo
1150 3777 1221 3838 vice
1244 3793 1377 3840 accusa·

131 3881 188 3946 tivi
210 3880 330 3947 obiecti
354 3880 506 3964 fungente
530 3880 746 3946 construitur:

130 4010 182 4084 55,·
206 4008 246 4070 25
270 4004 337 4069 Nee
356 4005 444 4085 potia
466 4009 512 4068 est
534 4003 637 4069 dulcis
659 4003 832 4068 Musarum
857 4026 1039 4088 expromere
1060 4007 1149 4090 fetas

278 4110 373 4174 Mens
396 4109 505 4174 animi.

128 4219 178 4296 76,
207 4219 244 4278 17
271 4212 339 4280 Cor
360 4233 424 4280 mom
447 4213 571 4280 divitiis
597 4213 746 4280 Croesum
770 4235 921 4298 superare
941 4217 1028 4298 potis
1049 4217 1103 4299 sit,

282 4317 351 4385 Uno
373 4318 429 4399 qai
450 4320 485 4384 m
509 4319 593 4384 sotto
617 4319 756 4387 totmodo
776 4320 959 4403 possideat?

238 4511 260 4580 ¹)
280 4510 391 4562 Haasins
410 4509 443 4558 ad
462 4511 572 4578 Reisigii
592 4513 713 4579 praelect.
732 4514 819 4566 adnot.
838 4529 883 4579 pg.
908 4513 969 4565 601.

232 4599 255 4670 2)
279 4601 450 4653 Conseruntur
469 4613 507 4663 ea,
527 4617 591 4667 qnae
610 4602 642 4653 de
661 4603 709 4654 hac
726 4619 791 4655 voce
808 4603 835 4653 in
854 4604 942 4656 adnot.
961 4619 1004 4672 pg.
1024 4603 1040 4655 8
1060 4601 1201 4655 docuimus.
