3014 5116
759 244 784 310 8.

143 454 195 529 38,
219 454 259 516 99
283 450 397 534 quibus
413 472 531 535 parere
552 474 676 520 neeesse
697 460 751 520 eat.
833 466 837 474 '
1285 538 1288 543 .

94 558 97 563 ’
247 556 327 623 (lum
351 558 553 623 coniunctivo
576 559 700 625 omissa
718 559 944 626 coniunctione
966 559 1054 626 finali
1085 560 1229 628 iunctum
1259 560 1379 644 legitur

144 656 269 727 necesse
283 682 295 701 ··
840 674 845 683 '

97 768 101 775 '
146 770 176 836 8.
200 771 219 831 9
243 765 439 833 taecumem
461 758 663 836 accesserat.

249 869 277 958 f)
300 860 488 956 Subiectum
522 872 754 951 enuntiationis
790 879 840 941 est
865 874 1051 957 infinitivus,
1080 874 1304 959 praedicatum
1327 873 1384 941 ad·

104 986 108 995 ’
144 975 290 1043 verbium
313 975 455 1061 aliquod:
954 986 957 991 '

174 1128 176 1133 -
248 1082 406 1183 benigne
422 1089 481 1176 (sc.
497 1084 568 1188 est)

146 1206 198 1284 67,
220 1207 257 1269 91
307 1254 315 1271 .
359 1253 368 1271 .
411 1205 494 1271 athal
514 1206 627 1288 fecisse
649 1194 788 1288 benique.

62 1372 68 1393 ‚
224 1378 228 1387 ,
248 1308 333 1374 Huic
344 1311 559 1376 enuntiationi
568 1309 697 1376 addidit
711 1309 885 1377 Muellerus
901 1310 1009 1376 Guieti
1019 1312 1247 1391 auctoritatem
1258 1316 1387 1376 secutus

71 1466 73 1471 .
143 1413 289 1495 prodest,
303 1413 430 1480 Riesius
450 1420 560 1480 antem
583 1421 617 1480 et
633 1414 848 1481 Baehrensius
863 1416 1026 1481 leocritia
1042 1422 1166 1491 textum
1182 1423 1385 1501 receperunt.

250 1528 335 1618 pon
363 1520 391 1620 9
555 1544 558 1551 ·
679 1614 683 1633 ,
934 1512 938 1523 ’

119 1704 128 1725 ‚
149 1644 196 1714 11,
224 1645 261 1704 17
284 1640 323 1707 Si
340 1647 415 1723 pote
435 1642 584 1709 amlidum
606 1647 731 1725 repente
752 1642 889 1709 excitare
908 1647 1069 1709 veternum

128 1766 132 1775 ·
282 1745 330 1811 Et
351 1746 503 1829 supinum
525 1748 669 1814 animem
691 1747 727 1814 ia
745 1747 842 1831 qrooi
863 1744 1076 1830 derelinquere
1097 1769 1204 1829 caeno,

147 1853 198 1930 23,
218 1854 262 1916 23
290 1851 449 1933 Quantum
472 1844 528 1935 qni
545 1844 946 1936 p0t0.1'turtmumpartre.

147 1958 237 2035 60,7
283 2003 292 2022 .
337 2002 344 2017 .
391 1956 558 2041 quisquam
578 1961 651 2039 pote
672 1956 775 2022 dicere
797 1957 974 2038 quicquam.

148 2064 198 2141 73,
223 2067 241 2127 5
265 2062 330 2129 dici
345 2068 432 2145 pote.

251 2164 357 2247 Locis,
380 2187 461 2250 quos
484 2148 581 2252 sapiu
603 2166 869 2247 enumeravimus,
893 2187 969 2232 usus
993 2171 1043 2231 est
1065 2165 1211 2232 Catullus
1234 2165 1387 2235 adverbio

105 2356 109 2365 ι
144 2276 218 2354 pote
240 2260 519 2355 nrrnquam'notia
544 2292 607 2337 non
631 2271 759 2337 adiecto
783 2271 879 2336 verbo
904 2271 1105 2336 substantivo
1147 2276 1269 2353 „esse“,
1303 2292 1387 2354 quae

101 2448 106 2458 ,
148 2377 270 2460 ellipsis
292 2376 423 2459 linguae
447 2378 602 2460 autiquae
625 2380 728 2458 magis
751 2379 883 2461 propria
905 2382 964 2442 est.
987 2375 1061 2442 Sine
1085 2376 1241 2441 infinitivo
1259 2376 1383 2459 legitur

128 2488 247 2567 .pot'e
270 2483 321 2548 liis
344 2483 437 2549 loeis:
463 2488 514 2564 67,
543 2487 591 2563 17;
616 2486 666 2559 70,
690 2487 741 2564 283
768 2487 817 2561 70,
842 2488 894 2549 20.

253 2656 443 2737 infinitivus,
467 2656 523 2741 qui
546 2657 650 2722 instar
671 2570 809 2723 assiliit
829 2657 1058 2749 enuntiationis
1089 2663 1148 2734 est,
1182 2657 1389 2740 coniungitur
1426 2664 1432 2678 '

134 2761 289 2846 ‘denique
312 2784 385 2827 cum
409 2761 507 2828 verbo
530 2761 721 2846 praedicato
745 2759 962 2844 impersonali.

252 2870 341 2945 licet
580 2940 583 2948 .

237 2975 286 3063 οα)
310 2991 382 3038 cum
405 2971 570 3037 infinitivo:

152 3081 201 3155 19,
224 3082 265 3141 24
289 3076 375 3143 Solia
397 3077 489 3143 licere
512 3124 520 3142 .
545 3125 553 3140 .
574 3128 582 3141 .
603 3077 609 3162 Ι
632 3075 825 3157 Conlatum
843 3074 1266 3153 eputarecererosttrcos?
1292 3080 1296 3087 ’
1371 3066 1375 3073 ’

150 3185 243 3262 59,3
290 3181 374 3248 Pace
399 3187 454 3247 tua
475 3180 544 3264 luri
562 3179 621 3247 uic·
636 3180 740 3246 liceat.
1006 3256 1009 3262 Ι

149 3288 200 3367 61,
224 3291 244 3351 4
292 3286 354 3353 Gai
375 3307 537 3370 nunquam
561 3285 682 3352 domini
703 3284 812 3351 limine
834 3280 942 3357 abesse
964 3281 1044 3362 lieet

290 3390 356 3458 Nec
376 3392 530 3475 poputum
552 3390 734 3457 auscultare
757 3440 764 3455 .
788 3435 796 3451 .
820 3437 828 3453 .

151 3501 201 3576 75,
232 3501 268 3561 19
297 3496 339 3564 Ut
359 3497 453 3564 liceat
474 3496 566 3563 notis
588 3501 653 3563 totu
669 3498 843 3578 perducere
864 3494 963 3571 vitu„
1002 3568 1007 3577 ⁴

68 3592 73 3601 ’
224 3638 227 3643 -
255 3601 433 3669 infinitivus
457 3609 564 3667 mente
587 3601 732 3685 suppleri
755 3599 872 3666 debet:

153 3712 204 3792 75,
232 3712 278 3773 18.
302 3707 397 3789 dicut,
420 3713 456 3775 ut
478 3706 580 3774 liceat.

155 3820 203 3893 12,
231 3819 243 3878 1
266 3820 270 3827 ’
305 3813 548 3895 Quaredesinc,
569 3833 639 3878 corn
661 3811 733 3877 licet
752 3809 880 3891 pudico.

153 3957 357 3969 σι--ι-

258 4006 281 4075 ³)
301 4010 404 4058 Praeter
422 4013 496 4071 pote
514 4005 621 4071 legimus
640 3986 707 4069 apud
725 4001 851 4052 Catullum
870 4004 957 4066 potis
976 3999 1056 4067 (quod
1075 4008 1117 4063 55,
1137 4007 1179 4060 253
1200 3997 1241 4061 76,
1263 4007 1294 4059 17
1309 3995 1393 4045 adiec-

81 4106 86 4117 '
154 4097 231 4148 tivum
255 4104 293 4148 est
316 4105 342 4147 et
360 4113 406 4147 suo
425 4097 485 4147 loco
504 4096 673 4164 tractabitur),
694 4110 758 4160 quae
776 4109 825 4143 vox
843 4108 874 4142 ex
893 4090 1014 4141 adverbio
1033 4095 1110 4154 pote
1129 4094 1155 4138 et
1173 4088 1253 4137 verbo
1277 4088 1392 4136 substan·

126 4204 132 4217 ·
154 4187 207 4238 tivo
227 4203 316 4238 »essen
337 4186 480 4251 composita
500 4186 561 4237 satis
582 4189 727 4252 frequenter
744 4201 798 4235 non
817 4183 899 4233 solum
919 4182 986 4246 apud
1004 4186 1093 4245 poetas
1122 4177 1253 4228 scaenicos
1276 4177 1393 4242 antiquos

153 4284 179 4329 et
198 4278 351 4341 Lucretium,
371 4280 415 4329 sed
435 4280 510 4329 etiam
529 4280 598 4344 apud
618 4276 744 4329 Catullum
763 4282 789 4325 et
807 4273 947 4338 Vergilium
967 4272 1001 4321 ita
1019 4270 1114 4335 scripta
1144 4275 1233 4330 exstat,
1265 4274 1292 4318 ut
1322 4283 1393 4316 suum

156 4384 269 4436 quaeque
288 4369 373 4420 locum
391 4386 440 4418 vox
458 4368 580 4419 obtineat.
602 4370 639 4418 Ac
658 4350 784 4431 separavit
803 4363 916 4414 Catullus
935 4363 980 4411 has
1000 4362 1062 4411 duas
1080 4359 1199 4410 vocabuli
1228 4365 1313 4424 partes
1342 4357 1395 4406 his·

130 4494 135 4500 -
155 4460 271 4510 celocis:
286 4470 327 4523 55,
348 4471 389 4523 253
410 4462 452 4523 67,
476 4470 515 4522 173
537 4470 577 4522 7ο,
597 4458 639 4507 28.
659 4455 737 4507 Cuius
756 4454 826 4505 modi
844 4450 1013 4504 conformatio
1032 4456 1072 4502 est
1090 4449 1182 4499 veteris
1201 4446 1394 4499 consuetudinis

109 4558 113 4564 '
155 4549 289 4616 vestigium
308 4555 383 4615 atque
401 4549 455 4600 eius
474 4547 576 4613 generis
594 4545 697 4598 licentia
716 4562 731 4594 a
748 4543 832 4610 poetis
851 4541 925 4592 metri
944 4540 1042 4591 ratione
1067 4539 1191 4605 permotis
1219 4536 1337 4600 usurpari
1358 4537 1393 4584 vi-

154 4614 236 4690 detur.
255 4640 308 4692 Cir.
326 4638 466 4702 Schulzius,
485 4639 525 4687 De
543 4637 644 4687 Catullo
664 4635 820 4685 Graecomm
837 4630 972 4681 imitatore.
991 4631 1070 4695 Jeuae
1095 4629 1170 4694 1871.
1189 4642 1232 4693 pg.
1252 4625 1276 4675 8.
